2UfIwSBY
HJMHGHMB
2016-05-24 15:43:11.715590 B00BSNACII 39.8
2
(～ o ～)~zZ: Sleep................
Server:  {"cmd":"resolve_captcha_return","url":"http://ecx.images-amazon.com/captcha/ddwwidnf/Captcha_fihjerxbyd.jpg","captcha_str":"bgnmkm"}
bgnmkm
0APo4LkcsXQcwaG7GFaB/w==


  
  










































<!doctype html><html class="a-no-js" data-19ax5a9jf="dingo">
<head>
<script type="text/javascript">var ue_t0=ue_t0||+new Date();</script>
<script type="text/javascript">
var ue_hob=+new Date();
var ue_id='05RJQ27WRTNRY1YBHKCM',
ue_csm = window,
ue_err_chan = 'jserr-rw',
ue = {};
(function(d){var e=d.ue=d.ue||{},f=Date.now||function(){return+new Date};e.d=function(b){return f()-(b?0:d.ue_t0)};e.stub=function(b,a){if(!b[a]){var c=[];b[a]=function(){c.push([c.slice.call(arguments),e.d(),d.ue_id])};b[a].replay=function(b){for(var a;a=c.shift();)b(a[0],a[1],a[2])};b[a].isStub=1}};e.exec=function(b,a){return function(){if(1==window.ueinit)try{return b.apply(this,arguments)}catch(c){ueLogError(c,{attribution:a||"undefined",logLevel:"WARN"})}}}})(ue_csm);

ue.stub(ue,"log");ue.stub(ue,"onunload");ue.stub(ue,"onflush");

(function(c,d){function e(f,b){if(!(a.ec>a.mxe)&&f){a.ec++;a.ter.push(f);b=b||{};var c=f.logLevel||b.logLevel;c&&c!=k||a.ecf++;b.pageURL=""+(d.location?d.location.href:"");b.logLevel=c;b.attribution=f.attribution||b.attribution;a.erl.push({ex:f,info:b})}}function h(a,b,d,e,g){c.ueLogError({m:a,f:b,l:d,c:""+e,err:g,fromOnError:1,args:arguments},g?{attribution:g.attribution,logLevel:g.logLevel}:void 0);return!1}var k="FATAL",a={ec:0,ecf:0,pec:0,ts:0,erl:[],ter:[],mxe:50,startTimer:function(){a.ts++;
setInterval(function(){c.ue&&a.pec<a.ec&&c.uex("at");a.pec=a.ec},1E4)}};h.skipTrace=1;e.skipTrace=1;e.isStub=1;c.ueLogError=e;c.ue_err=a;d.onerror=h})(ue_csm,window);

var ue_url='/dp/B00BSNACII/uedata/unsticky/280-6066651-0896728/Detail/ntpoffrw',
ue_sid='280-6066651-0896728',
ue_mid='A1PA6795UKMFR9',
ue_sn='www.amazon.de',
ue_furl='fls-eu.amazon.de',
ue_navtiming=1,
ue_log_idx=0,
ue_fcsn=1,
ue_isrw=true,
ue_fpf='//fls-eu.amazon.de/1/batch/1/OP/A1PA6795UKMFR9:280-6066651-0896728:05RJQ27WRTNRY1YBHKCM$uedata=s:',
ue_fpfp='//fls-eu.amazon.de/1/uedata/1/OP/A1PA6795UKMFR9:280-6066651-0896728:05RJQ27WRTNRY1YBHKCM$s:',
ue_lnb=0,
ue_lwl=0,
ue_ran=0,
ue_qsl=2000,
ue_sbl=0,
ue_mce='click',
ue_unbf=0,
ue_rpl_ns=0,
ue_urt=3,
ue_sdbbc=0,
ue_fma=1,
ue_bwd=0,
ue_orct=1,
ue_hi_err=0,
ue_markers=0,
ue_int=0;

if (!window.ue_csm) {var ue_csm = window;}
function ue_viz(){(function(c,e,a){function k(b){if(c.ue.viz.length<p&&!l){var a=b.type;b=b.originalEvent;/^focus./.test(a)&&b&&(b.toElement||b.fromElement||b.relatedTarget)||(a=e[m]||("blur"==a||"focusout"==a?"hidden":"visible"),c.ue.viz.push(a+":"+(+new Date-c.ue.t0)),"visible"==a&&(ue.isl&&uex("at"),l=1))}}for(var l=0,f,g,m,n=["","webkit","o","ms","moz"],d=0,p=20,h=0;h<n.length&&!d;h++)if(a=n[h],f=(a?a+"H":"h")+"idden",d="boolean"==typeof e[f])g=a+"visibilitychange",m=(a?a+"V":"v")+"isibilityState";
k({});d&&e.addEventListener(g,k,0);c.ue&&d&&(c.ue.pageViz={event:g,propHid:f})})(ue_csm,document,window)};

(function(a,g){function A(a){return a&&a.replace&&a.replace(/^\s+|\s+$/g,"")}function q(a){return"undefined"===typeof a}function u(d,c,e,g){var n=g||+new Date,h;r&&r.timeStamp&&a.ue_int&&a.ue_markers&&void 0===g&&(c?r.timeStamp(c+"."+d):r.timeStamp(d));if(c||q(e)){if(d)for(h in g=c?f("t",c)||f("t",c,{}):a.ue.t,g[d]=n,e)e.hasOwnProperty(h)&&f(h,c,e[h]);return n}}function f(d,c,e){var g=a.ue,f=c&&c!=g.id?g.sc[c]:g;f||(f=g.sc[c]={});"id"==d&&e&&(g.cfa2=1,a.ue_ran&&(a.ue_cel&&a.ue_cel.reset(e),a.ue.log.reset&&
a.ue.log.reset()));return f[d]=e||f[d]}function x(d,c,e,g,f){e="on"+e;var h=c[e];"function"===typeof h?d&&(a.ue.h[d]=h):h=function(){};c[e]=f?function(a){g(a);h(a)}:function(a){h(a);g(a)};c[e]&&(c[e].isUeh=1)}function B(d,c,e){function v(c,e){var b=[c],g=0,h={},m,k;e?(b.push("m=1"),h[e]=1):h=a.ue.sc;for(k in h)if(h.hasOwnProperty(k)){var l=f("wb",k),n=f("t",k)||{},v=f("t0",k)||a.ue.t0,p;if(e||2==l){l=l?g++:"";b.push("sc"+l+"="+k);for(p in n)3>=p.length&&!q(n[p])&&null!==n[p]&&b.push(p+l+"="+(n[p]-
v));b.push("t"+l+"="+n[d]);if(f("ctb",k)||f("wb",k))m=1}}!C&&m&&b.push("ctb=1");return b.join("&")}function n(c,b,e,d){if(c){var f=a.ue_err,h;if(!d||!a.ue.log)if(E&&g[s]&&g[s][y])g[s][y](c);else h=new Image,a.ue.iel.push(h),h.src=c;H?a.ue_fpf&&g.encodeURIComponent&&c&&(E&&g[s]&&g[s][y]&&a.ue_fpfp?(c=""+a.ue_fpfp+g.encodeURIComponent(c)+":"+(+new Date-a.ue_t0),g[s][y](c)):(d=new Image,c=""+a.ue_fpf+g.encodeURIComponent(c)+":"+(+new Date-a.ue_t0),a.ue.iel.push(d),d.src=c)):a.ue.log&&(h=g.chrome&&"ul"==
b,a.ue.log(c,"uedata",a.ue_svi?{n:1,img:!d&&h?1:0}:{n:1}),a.ue.ielf.push(c));f&&!f.ts&&f.startTimer();a.ue.b&&(f=a.ue.b,a.ue.b="",n(f,b,e,1))}}function h(c){if(!ue.collected){var b=c.timing,e=c.navigation,d=ue.t;b&&(d.na_=b.navigationStart,d.ul_=b.unloadEventStart,d._ul=b.unloadEventEnd,d.rd_=b.redirectStart,d._rd=b.redirectEnd,d.fe_=b.fetchStart,d.lk_=b.domainLookupStart,d._lk=b.domainLookupEnd,d.co_=b.connectStart,d._co=b.connectEnd,d.sc_=b.secureConnectionStart,d.rq_=b.requestStart,d.rs_=b.responseStart,
d._rs=b.responseEnd,d.dl_=b.domLoading,d.di_=b.domInteractive,d.de_=b.domContentLoadedEventStart,d._de=b.domContentLoadedEventEnd,d._dc=b.domComplete,d.ld_=b.loadEventStart,d._ld=b.loadEventEnd,b=d.na_,c="function"!==typeof c.now||q(b)?0:new Date(b+c.now())-new Date,d.ntd=c+a.ue.t0);e&&(d.ty=e.type+a.ue.t0,d.rc=e.redirectCount+a.ue.t0);ue.collected=1}}function r(b){var c=p&&p.navigation?p.navigation.type:D,d=c&&2!=c,e=a.ue.bfini;a.ue.cfa2||(e&&1<e&&(b+="&bfform=1",d||(a.ue.isBFT=e-1)),2==c&&(b+="&bfnt=1",
a.ue.isBFT=a.ue.isBFT||1),a.ue.ssw&&a.ue.isBFT&&(q(a.ue.isNRBF)&&(c=a.ue.ssw(a.ue.oid),c.e||q(c.val)||(a.ue.isNRBF=1<c.val?0:1)),q(a.ue.isNRBF)||(b+="&nrbf="+a.ue.isNRBF)),a.ue.isBFT&&!a.ue.isNRBF&&(b+="&bft="+a.ue.isBFT));return b}function x(){a.ue.isl&&B("eod")}if(c||q(e)){for(var l in e)e.hasOwnProperty(l)&&f(l,c,e[l]);u("pc",c,e);l=f("id",c)||a.ue.id;var b=a.ue.url+"?"+d+"&v="+a.ue.v+"&id="+l,C=f("ctb",c)||f("wb",c),p=g.performance||g.webkitPerformance,m,k;C&&(b+="&ctb="+C);1<a.ueinit&&(b+="&ic="+
a.ueinit);!a.ue._fi||"at"!=d||c&&c!=l||(b+=a.ue._fi());if(!("ld"!=d&&"ul"!=d||c&&c!=l)){if("ld"==d){g.onbeforeunload&&g.onbeforeunload.isUeh&&(g.onbeforeunload=null);if(g.chrome)for(k=0;k<ue.ulh.length;k++)F("beforeunload",ue.ulh[k]);(k=document.ue_backdetect)&&k.ue_back&&k.ue_back.value++;a._uess&&(m=a._uess());a.ue.isl=1;a.ue_sdbbc&&z("beforeunload",x)}ue._bf&&(b+="&bf="+ue._bf());a.ue_navtiming&&p&&p.timing&&(f("ctb",l,"1"),1==a.ue_navtiming&&u("tc",D,D,p.timing.navigationStart));p&&h(p);a.ue.t.hob=
a.ue_hob;a.ue.t.hoe=a.ue_hoe;a.ue.ifr&&(b+="&ifr=1")}u(d,c,e);e="ld"==d&&c&&f("wb",c);var w;1!==ue_csm.ue_fma||e||l==a.ue.oid||I((f("t",c)||{}).tc||+f("t0",c),+f("t0",c));a.ue_mbl&&a.ue_mbl.cnt&&!e&&(b+=a.ue_mbl.cnt());e?f("wb",c,2):"ld"==d&&(t.lid=A(l));for(w in a.ue.sc)if(1==f("wb",w))break;if(e){if(a.ue.s)return;b=v(b,null)}else k=v(b,null),k!=b&&(k=r(k),a.ue.b=k),m&&(b+=m),b=v(b,c||a.ue.id);b=r(b);if(a.ue.b||e)for(w in a.ue.sc)2==f("wb",w)&&delete a.ue.sc[w];m=0;ue._rt&&(b+="&rt="+ue._rt());e||
(a.ue.s=0,(m=a.ue_err)&&0<m.ec&&m.pec<m.ec&&(m.pec=m.ec,b+="&ec="+m.ec+"&ecf="+m.ecf),m=f("ctb",c),f("t",c,{}));b&&a.ue.tag&&0<a.ue.tag().length&&(b+="&csmtags="+a.ue.tag().join("|"),a.ue.tag=a.ue.tagC());b&&a.ue.viz&&0<a.ue.viz.length&&(b+="&viz="+a.ue.viz.join("|"),a.ue.viz=[]);b&&!q(a.ue_pty)&&(b+="&pty="+a.ue_pty+"&spty="+a.ue_spty+"&pti="+a.ue_pti);b&&a.ue.tabid&&(b+="&tid="+a.ue.tabid);b&&a.ue.aftb&&(b+="&aftb=1");b&&a.ue.sbf&&(b+="&sbf=1");!a.ue._ui||c&&c!=l||(b+=a.ue._ui());a.ue.a=b;n(b,d,
m,e)}}function z(a,c,e){e=e||g;e.addEventListener?e.addEventListener(a,c,!1):e.attachEvent&&e.attachEvent("on"+a,c)}function F(a,c,e){e=e||g;e.removeEventListener?e.removeEventListener(a,c,!1):e.detachEvent&&e.detachEvent("on"+a,c)}function G(){function d(){a.onUl()}function c(a){return function(){e[a]||(e[a]=1,B(a))}}var e=a.ue.r,f,n;a.onLd=c("ld");a.onLdEnd=c("ld");a.onUl=c("ul");f={stop:c("os")};g.chrome?(z("beforeunload",d),ue.ulh.push(d)):f[J]=a.onUl;for(n in f)f.hasOwnProperty(n)&&x(0,g,n,f[n]);
a.ue_viz&&ue_viz();z("load",a.onLd);u("ue")}function I(d,c){a.ue_mbl&&a.ue_mbl.ajax&&a.ue_mbl.ajax(d,c);a.ue.tag("ajax-transition")}a.ueinit=(a.ueinit||0)+1;var t={t0:g.aPageStart||a.ue_t0,id:a.ue_id,url:a.ue_url,rid:a.ue_id,a:"",b:"",h:{},r:{ld:0,oe:0,ul:0},s:1,t:{},sc:{},iel:[],ielf:[],fc_idx:{},viz:[],v:"0.446.0",d:a.ue&&a.ue.d,log:a.ue&&a.ue.log,clog:a.ue&&a.ue.clog,onflush:a.ue&&a.ue.onflush,onunload:a.ue&&a.ue.onunload,stub:a.ue&&a.ue.stub,lr:a.ue&&a.ue.lr,exec:a.ue&&a.ue.exec,ulh:[],cfa2:0},
H=a.ue_fpf?1:0,r=g.console,E=a.ue_sbl,J="beforeunload",s="navigator",y="sendBeacon",D;t.oid=A(t.id);t.lid=A(t.id);a.ue=t;a.ue._t0=a.ue.t0;a.ue.tagC=function(){var a={};return function(c){c&&(a[c]=1);c=[];for(var e in a)a.hasOwnProperty(e)&&c.push(e);return c}};a.ue.tag=a.ue.tagC();a.ue.ifr=g.top!==g.self||g.frameElement?1:0;ue.attach=z;ue.detach=F;ue.reset=function(d,c){d&&(a.ue_cel&&a.ue_cel.reset(),a.ue.t0=+new Date,a.ue.rid=d,a.ue.id=d,a.ue.fc_idx={},a.ue.viz=[])};a.uei=G;a.ueh=x;a.ues=f;a.uet=
u;a.uex=B;G()})(ue_csm,window);



(function(g){var a=g.ue;a.cv={};a.cv.scopes={};a.count=function(b,e,c){var d={},f=a.cv;d.counter=b;d.value=e;d.t=a.d();c&&c.scope&&(f=a.cv.scopes[c.scope]=a.cv.scopes[c.scope]||{},d.scope=c.scope);if(void 0===e)return f[b];f[b]=e;b=0;c&&c.bf&&(b=1);a.clog&&0===b?a.clog(d,"csmcount",{bf:b}):a.log&&a.log(d,"csmcount",{c:1,bf:b})};a.count("baselineCounter2",1)})(ue_csm);

var ue_hoe=+new Date();
</script>
<script>var aPageStart = (new Date()).getTime();</script><meta charset="utf-8">

    



    <link rel="dns-prefetch" href="//g-ecx.images-amazon.com">
    <link rel="dns-prefetch" href="//z-ecx.images-amazon.com">
    <link rel="dns-prefetch" href="//ecx.images-amazon.com">





    





    
    
    
    



  









    













  
  




























  











    


    
    






































  



   
    


<!--  -->
<link rel="stylesheet" href="http://z-ecx.images-amazon.com/images/I/61cAIQsR7nL._RC|01h78L-cgLL.css,21e1xEhXt1L.css,118pQdz77VL.css_.css#AUIClients/NavDesktopMetaAsset" />

























<link rel="stylesheet" href="http://z-ecx.images-amazon.com/images/G/01/AUIClients/AmazonUI-f28e5b0187075e51333d2b1d2c00acf2318fc9f3._V2_.css#AUIClients/AmazonUI.rendering_engine-not-trident.udp_amznjq_shim.min" />
<link rel="stylesheet" href="http://z-ecx.images-amazon.com/images/I/61AZKC0LVzL._RC|213-eBzDVcL.css,314+J0G-4bL.css,11FgAc1zMiL.css,01tbYi0NqvL.css,21e-Ab7SQHL.css,113FuDtwChL.css,21xaajvpfWL.css,01RSPSfDB5L.css,11xRy3bSkOL.css,01QUs5FVXoL.css,01hvfEvfPgL.css,51LVhCKskuL.css,01aViOmOIXL.css,112oyEpVpwL.css,41A3MwXNi4L.css,01GT2VH57dL.css,21Rjwbph1AL.css,215zZvgXb+L.css,01rgQ3jqo7L.css,11eUPNzJArL.css_.css#AUIClients/HardlinesDetailPageMetaAsset" />
<link rel="stylesheet" href="http://z-ecx.images-amazon.com/images/G/01/AUIClients/AmazonCustomBuyBoxAssets-3522cc9d571332bfe8223eaf2a7a18cbefc87d56._V2_.css#AUIClients/AmazonCustomBuyBoxAssets.min" />



<script>
(function(n,r,v,h){function m(a,b){G&&G.count&&G.count("aui:"+a,0===b?0:b||(G.count("aui:"+a)||0)+1)}function l(a){try{return a.test(navigator.userAgent)}catch(b){return!1}}function k(a,b,c){a.addEventListener?a.addEventListener(b,c,!1):a.attachEvent&&a.attachEvent("on"+b,c)}function g(a,b,c,d){b=b&&c?b+a+c:b||c;return d?g(a,b,d):b}function f(a,b,c){try{Object.defineProperty(a,b,{value:c,writable:!1})}catch(d){a[b]=c}return c}function d(){return setTimeout(K,0)}function c(a,b){var c=a.length,e=c,
f=function(){e--||(H.push(b),I||(d(),I=!0))};for(f();c--;)L[a[c]]?f():(B[a[c]]=B[a[c]]||[]).push(f)}function b(a,b,c,d){var e=r.createElement(a?"script":"link");k(e,"error",d);if(a){e.type="text/javascript";e.async=!0;if(a=c)a=-1!==b.indexOf("images/I")||/AUIClients/.test(b);a&&e.setAttribute("crossorigin","anonymous");e.src=b}else e.rel="stylesheet",e.href=b;r.getElementsByTagName("head")[0].appendChild(e)}function a(a,c){return function(d){function e(){b(c,d,f,function(b){M?m("resource_unload"):
f?(f=!1,m("resource_retry"),e()):(m("resource_error"),a.log("Asset failed to load: "+d));b&&b.stopPropagation?b.stopPropagation():n.event&&(n.event.cancelBubble=!0)})}if(J[d])return!1;J[d]=!0;m("resource_count");var f=!0;return!e()}}function e(a,b,d,e,f){return function(k,l){function m(){for(var a=[],c=0;c<r.length;c++)a[c]=p.hasOwnProperty(r[c])?p[r[c]]:h;c=null;e?c=l:"function"===typeof l&&(u.start=E(),c=l.apply(n,a),u.end=E());if(b){p[k]=c;a=k;for(L[a]=!0;(B[a]||[]).length;)B[a].shift()();delete B[a]}u.done=
!0}var q=f||this;"function"===typeof k?(l=k,k=h):(k=k.replace(/^prv:/,""),p.hasOwnProperty(k)&&q.error(g(" @ ","Component already registered",k),k),p[k]=h);for(var r=[],t=0;t<a.length;t++)r[t]=a[t].replace(/^prv:/,"");var u=N[k]={depend:r,registered:E()};d?m():c(r,q.guardFatal(k,m))}}function q(a){return function(){return{execute:e(arguments,!1,a,!1,this),register:e(arguments,!0,a,!1,this)}}}function t(a,b){return function(c,d){d||(d=c,c=h);return function(){U.push({attribution:a,name:c,logLevel:b});
var e=d.apply(this,arguments);U.pop();return e}}}function x(b,c){function d(a,c,e,f){return n.ueLogError?(c={message:c,logLevel:e||"ERROR",attribution:g(":",b,f)},n.ueLogError(a||c,a?c:null),!0):!1}this.log=function(a,b,c){return d(null,a,b,c)};this.logError=d;this.error=function(a,c,d,e){a=Error(g(":",e,a,d));a.attribution=g(":",b,c);throw a;};this.guardError=t(b);this.guardFatal=t(b,"FATAL");this.load={js:a(this,!0),css:a(this)};f(this,"namespace",c)}function y(){r.body?ha.trigger("a-bodyBegin"):
setTimeout(y,20)}function u(a,b){for(var c=a.className.split(" "),d=c.length;d--;)if(c[d]===b)return;a.className+=" "+b}function w(a,b){for(var c=a.className.split(" "),d=[],e;(e=c.pop())!==h;)e&&e!==b&&d.push(e);a.className=d.join(" ")}function A(a){try{return a()}catch(b){return!1}}function z(){if(Y){var a=n.innerWidth?{w:n.innerWidth,h:n.innerHeight}:{w:S.clientWidth,h:S.clientHeight},b=!1;5<Math.abs(a.w-sa.w)||50<a.h-sa.h?(sa=a,ma=4,(b=ua.mobile||ua.tablet?a.w>a.h:1250<=a.w)?u(S,"a-ws"):w(S,"a-ws")):
ma--&&(ia=setTimeout(z,16))}}function C(a){(Y=a===h?!Y:!!a)&&z()}function F(){return Y}var D=n.AmazonUIPageJS||n.P;if(D&&D.when&&D.register)throw Error("A copy of P has already been loaded on this page.");var G=n.ue;G&&G.tag&&(G.tag("aui"),G.tag("aui:aui_build_date:3.16.6.4-2016-05-10"));var E=v.now=v.now||function(){return+new v},H=[],I=!1,K;K=function(){for(var a=d(),b=E();H.length;)if(H.shift()(),50<E()-b)return;clearTimeout(a);I=!1};l(/OS 6_[0-9]+ like Mac OS X/i)&&k(n,"scroll",d);
var L={},B={},J={},M=!1;k(n,"beforeunload",function(){M=!0;setTimeout(function(){M=!1},1E4)});var p={},N={},U=[],la=n.onerror;n.onerror=function(a,b,c,d,e){e&&"object"===typeof e||(e=Error(a,b,c),e.columnNumber=d,e.stack=b||c||d?g(String.fromCharCode(92),e.message,"at "+g(":",b,c,d)):h);var f=U.pop()||{};e.attribution=g(":",e.attribution||f.attribution,f.name);e.logLevel=f.logLevel;e.attribution&&console&&console.log&&console.log([e.logLevel||"ERROR",a,"thrown by",e.attribution].join(" "));U=[];la&&
(f=[].slice.call(arguments),f[4]=e,la.apply(n,f))};x.prototype={declare:e([],!0,!0,!0),register:e([],!0),execute:e([]),AUI_BUILD_DATE:"3.16.6.4-2016-05-10",when:q(),now:q(!0),trigger:function(a,b){var c=E();this.declare(a,{data:b,pageElapsedTime:c-(n.aPageStart||NaN),triggerTime:c})},handleTriggers:function(){this.log("handleTriggers deprecated")},attributeErrors:function(a){return new x(a)},_namespace:function(a,b){return new x(a,b)}};var ha=f(n,"AmazonUIPageJS",new x);ha._namespace("PageJS","AmazonUI").declare("prv:p-debug",
N);ha.declare("p-recorder-events",[]);ha.declare("p-recorder-stop",function(){});f(n,"P",ha);y();if(r.addEventListener){var aa;r.addEventListener("DOMContentLoaded",aa=function(){ha.trigger("a-domready");r.removeEventListener("DOMContentLoaded",aa,!1)},!1)}var S=r.documentElement,Z=function(){var a=["O","ms","Moz","Webkit"],b=r.createElement("div");return{testGradients:function(){b.style.cssText=("background-image:-webkit-gradient(linear,left top,right bottom,from(#9f9),to(white));background-image:"+
a.join("linear-gradient(left top,#9f9, white);background-image:")).slice(0,-17);return-1<b.style.backgroundImage.indexOf("gradient")},test:function(c){var d=c.charAt(0).toUpperCase()+c.substr(1);c=(a.join(d+" ")+d+" "+c).split(" ");for(d=c.length;d--;)if(""===b.style[c[d]])return!0;return!1},testTransform3d:function(){var a=!1;n.matchMedia&&(a=n.matchMedia("(-webkit-transform-3d)").matches);return a}}}(),D=S.className,na=/(^| )a-mobile( |$)/.test(D),ta=/(^| )a-tablet( |$)/.test(D),ua={audio:function(){return!!r.createElement("audio").canPlayType},
video:function(){return!!r.createElement("video").canPlayType},canvas:function(){return!!r.createElement("canvas").getContext},svg:function(){return!!r.createElementNS&&!!r.createElementNS("http://www.w3.org/2000/svg","svg").createSVGRect},offline:function(){return navigator.hasOwnProperty&&navigator.hasOwnProperty("onLine")&&navigator.onLine},dragDrop:function(){return"draggable"in r.createElement("span")},geolocation:function(){return!!navigator.geolocation},history:function(){return!(!n.history||
!n.history.pushState)},webworker:function(){return!!n.Worker},autofocus:function(){return"autofocus"in r.createElement("input")},inputPlaceholder:function(){return"placeholder"in r.createElement("input")},textareaPlaceholder:function(){return"placeholder"in r.createElement("textarea")},localStorage:function(){return"localStorage"in n&&null!==n.localStorage},orientation:function(){return"orientation"in n},touch:function(){return"ontouchend"in r},gradients:function(){return Z.testGradients()},hires:function(){var a=
n.devicePixelRatio&&1.5<=n.devicePixelRatio||n.matchMedia&&n.matchMedia("(min-resolution:144dpi)").matches;m("hiRes"+(na?"Mobile":ta?"Tablet":"Desktop"),a?1:0);return a},transform3d:function(){return Z.testTransform3d()},touchScrolling:function(){return l(/Windowshop|android.([3-9]|[L-Z])|OS ([5-9]|[1-9][0-9]+)(_[0-9]{1,2})+ like Mac OS X|Chrome|Silk|Firefox|Trident.+?; Touch/i)},ios:function(){return l(/OS [1-9][0-9]*(_[0-9]*)+ like Mac OS X/i)},android:function(){return l(/android.([1-9]|[L-Z])/i)&&
!l(/trident/i)},mobile:function(){return na},tablet:function(){return ta}},ca;for(ca in ua)ua.hasOwnProperty(ca)&&(ua[ca]=A(ua[ca]));for(var P="textShadow textStroke boxShadow borderRadius borderImage opacity transform transition".split(" "),ba=0;ba<P.length;ba++)ua[P[ba]]=A(function(){return Z.test(P[ba])});var Y=!0,ia=0,sa={w:0,h:0},ma=4;z();k(n,"resize",function(){clearTimeout(ia);ma=4;z()});w(S,"a-no-js");u(S,"a-js");D=[];for(ca in ua)ua.hasOwnProperty(ca)&&ua[ca]&&D.push("a-"+ca.replace(/([A-Z])/g,
function(a){return"-"+a.toLowerCase()}));u(S,D.join(" "));S.setAttribute("data-aui-build-date","3.16.6.4-2016-05-10");ha.register("p-detect",function(){return{capabilities:ua,toggleResponsiveGrid:C,responsiveGridEnabled:F}});ha.declare("a-event-revised-handling",!1)})(window,document,Date);
</script>
<script>
(window.AmazonUIPageJS ? AmazonUIPageJS : P).when('atf').execute(function() {
  (window.AmazonUIPageJS ? AmazonUIPageJS : P).load.js('http://z-ecx.images-amazon.com/images/G/01/AUIClients/AmazonUI-46b350ce7918729a03740727676b761a9c8addac._V2_.js#AUIClients/AmazonUI.rendering_engine-not-trident.udp_amznjq_shim.min');
});
(window.AmazonUIPageJS ? AmazonUIPageJS : P).when('atf').execute(function() {
  (window.AmazonUIPageJS ? AmazonUIPageJS : P).load.js('http://z-ecx.images-amazon.com/images/I/31yw-xUfw0L._RC|21T+wghIdtL.js,210750+VhVL.js,01lJcYXHevL.js,3124FsDTcjL.js,41HM1xUVkGL.js,31kvGL5KPxL.js,41tq9fIxLyL.js,21lI163BfyL.js,01dxEvVBUeL.js,112IXy0KrSL.js,01DdN5HYGpL.js,71ubm0m2bPL.js,51HOwnzg8NL.js,11B-6oFpmdL.js,31wu56JnmKL.js,01STS3QrYuL.js,01tmPUPXtdL.js,61Q5kcjylNL.js,01zUvGCQbPL.js,01X5C8pWB1L.js,01LHJt5PiyL.js,01f61VgJGUL.js,31oxXsLwgnL.js,01YVu6IzvIL.js,21xCmH2zwZL.js,0193uyIciNL.js,31VReWMQSPL.js_.js#AUIClients/HardlinesDetailPageMetaAsset');
});
(window.AmazonUIPageJS ? AmazonUIPageJS : P).when('atf').execute(function() {
  (window.AmazonUIPageJS ? AmazonUIPageJS : P).load.js('http://z-ecx.images-amazon.com/images/G/01/AUIClients/AmazonCustomBuyBoxAssets-f7b2de0c7ceed99739c4a91311b728c5b0c63bfa._V2_.js#AUIClients/AmazonCustomBuyBoxAssets.min');
});
</script>







    


 


    
    



      


    
    










        

















 
 
 











      













  
  












    
    
      



    

    
    



        
    





  


    












<style type="text/css">

  #cm_cr_dpwidget .a-size-micro {
    font-size: 9px;
  } 

  #cm_cr_dpwidget .c7yTopDownDashedStrike {
    border-top: 1px dashed #A9A9A9;
    border-bottom: 1px dashed #A9A9A9;
  }

  #cm_cr_dpwidget .c7yBadgeAUI {
    text-transform: uppercase;
    letter-spacing: 0.5px;
    padding: 2px;
    white-space: nowrap;
  }

</style>



<style type="text/css">.nav-sprite-v1 .nav-sprite, .nav-sprite-v1 .nav-icon {
  background-image: url(http://g-ecx.images-amazon.com/images/G/03/gno/sprites/global-sprite_bluebeacon-32-v1._CB295582946_.png);
  background-position: 0 1000px;
  background-repeat: repeat-x;
}
.nav-spinner {
  background-image: url(http://g-ecx.images-amazon.com/images/G/03/javascripts/lib/popover/images/snake._CB192194539_.gif);
  background-position: center center;
  background-repeat: no-repeat;
}
.nav-timeline-icon, .nav-access-image, .nav-timeline-prime-icon {
  background-image: url(http://g-ecx.images-amazon.com/images/G/03/gno/sprites/timeline_sprite_1x.png);
  background-repeat: no-repeat;
}


  
    .tagEdit {
      padding-bottom:4px;
      padding-top:4px;
    }

    .edit-tag {
      width: 155px;
      margin-left: 10px;
    }

    .list-tags {
      white-space: nowrap;
      padding: 1px 0px 0px 0px;
    }

   #suggest-table {
      display: none;
      position: absolute;
      z-index: 2;
      background-color: #fff;
      border: 1px solid #9ac;
    }

    #suggest-table tr td{
      color: #333;
      font: 11px Verdana, sans-serif;
      padding: 2px;
    }

    #suggest-table tr.hovered {
      color: #efedd4;
      background-color: #9ac;
    }

  
  .see-popular {
    padding: 1.3em 0 0 0;
  }

  .tag-cols {
    border-collapse: collapse;
  }

  .tag-cols td {
    vertical-align: top;
    width: 250px;
    padding-right: 30px;
  }

  .tag-cols .tag-row {
    padding: 0 0 7px 0px;
  }

  .tag-cols .see-all {
    white-space: nowrap;
    padding-top: 5px;
  }

  .tags-piles-feedback {
    display: none;
    color: #000;
    font-size: 0.9em;
    font-weight: bold;
    margin: 0px 0 0 0;
   }

  .tag-cols i {
    display: none;
    cursor: pointer;
    cursor: hand;
    float: left;
    font-style: normal;
    font-size: 0px;
    vertical-align: bottom;
    width: 16px;
    height: 16px;
    margin-top: 1px;
    margin-right: 3px;
  }

  .tag-cols .snake {
    display: block;
    background: url('http://g-ecx.images-amazon.com/images/G/03/x-locale/communities/tags/graysnake._CB192240190_.gif');
  }

  #tagContentHolder .tip {
    display: none;
    color: #999;
    font-size: 10px;
    padding-top: 0.25em;
  }

  #tagContentHolder .tip a {
    color: #999 !important;
    text-decoration: none !important;
    border-bottom: solid 1px #CCC;
  }

  .nowrap {
    white-space: nowrap;
  }

  #tgEnableVoting {
    display: none;
  }

  #tagContentHolder .count {
    color: #666;
    font-size: 10px;
    margin-left: 3px;
    white-space: nowrap;
  }

  .count.tgVoting {
    cursor: pointer;
  }

  .tgVoting .tgCounter {
    margin-right: 3px;
    border-bottom: 1px dashed #003399;
    color: #003399;
  }


.c2c-inline-sprite {
    display: -moz-inline-box;
    display: inline-block;
    margin: 0;padding: 0; 
    position: relative;
    overflow: hidden;
    vertical-align: middle;
    background-image: url(http://g-ecx.images-amazon.com/images/G/03/electronics/click2call/click2call-sprite._CB153403599_.png);
    background-repeat: no-repeat;
}
.c2c-inline-sprite span {
    position:absolute;
    top:-9999px;
}

.dp-call-me-button {
    width:52px;
    height:22px;
    background-position:0px -57px; 
}

#dp-c2c-phone-icon {
  background-image:url(http://g-ecx.images-amazon.com/images/G/03/electronics/click2call/sprite-click2call._CB135147448_.png);
  background-repeat:no-repeat;
  background-position: 0px 0px;
  width:36px;
  height:35px;
  float:left;
  margin-right:0.5em;
}   
#detailpage-click2call-table {
  padding: 5px 0;
}   

/* Different sprites/images used CSS Start */
.swSprite {background-image: url(http://g-ecx.images-amazon.com/images/G/03/common/sprites/sprite-site-wide._CB146303775_.png); }
.dpSprite {background-image: url(http://g-ecx.images-amazon.com/images/G/03/common/sprites/sprite-dp-2._CB380646105_.png); }
.wl-button-sprite {background-image: url(http://g-ecx.images-amazon.com/images/G/03/x-locale/communities/wishlist/add-to-wl-button-sprite.gif); }
.cBoxTL, .cBoxTR, .cBoxBL, .cBoxBR { background-image:url(http://g-ecx.images-amazon.com/images/G/03/common/sprites/sprite-site-wide-2._CB295586782_.png); }
.auiTestSprite { background: url(http://g-ecx.images-amazon.com/images/G/03/nav2/images/sprite-carousel-btns-stars2.png) no-repeat scroll 0 0 transparent; }
span.amtchelp { background: url(http://g-ecx.images-amazon.com/images/G/03/SellerForums/amz/images/help-16x16._CB339876337_.gif) no-repeat scroll right bottom transparent; }
.shuttleGradient { background: url(http://g-ecx.images-amazon.com/images/G/03/x-locale/communities/customerimage/shuttle-gradient._CB192239028_.gif); }
.twisterPopoverArrow { background: url(http://g-ecx.images-amazon.com/images/G/03/gateway/csw/tri-down._CB401957524_.png); }
#finderUpdateButton img, #finderShowMoreDevicesLink, #finderHideMoreDevicesLink {background-image: url(http://g-ecx.images-amazon.com/images/G/03/nav2/finders/finder-fits-sprites._CB156429345_.png);}
.cmtySprite { background-image: url(http://g-ecx.images-amazon.com/images/G/03/common/sprites/sprite-communities._CB388946692_.png); background-repeat: no-repeat; }

/* Different sprites/images used CSS End */



/* Best Seller Badging */


  .medSprite { background-image: url('http://g-ecx.images-amazon.com/images/G/03/common/sprites/sprite-media-platform._CB246955114_.png'); background-repeat: no-repeat; }

</style>













 
 




<link type='text/css' href='http://z-ecx.images-amazon.com/images/G/01/browser-scripts/de-site-wide-css-beacon/site-wide-6800426958._V1_.css' rel='stylesheet'>
<style type="text/css">

/* non-sprited */
.ap_popover_unsprited .ap_body   .ap_left   { background-image: url(http://g-ecx.images-amazon.com/images/G/01/javascripts/lib/popover/images/po_left_17._CB248144977_.png); }
.ap_popover_unsprited .ap_body   .ap_right  { background-image: url(http://g-ecx.images-amazon.com/images/G/01/javascripts/lib/popover/images/po_right_17._CB248144979_.png); }
.ap_popover_unsprited .ap_header .ap_left   { background-image: url(http://g-ecx.images-amazon.com/images/G/01/javascripts/lib/popover/images/po_top_left._CB265110087_.png); }
.ap_popover_unsprited .ap_header .ap_right  { background-image: url(http://g-ecx.images-amazon.com/images/G/01/javascripts/lib/popover/images/po_top_right._CB265110087_.png); }
.ap_popover_unsprited .ap_header .ap_middle { background-image: url(http://g-ecx.images-amazon.com/images/G/01/javascripts/lib/popover/images/po_top._CB265110086_.png); }
.ap_popover_unsprited .ap_footer .ap_left   { background-image: url(http://g-ecx.images-amazon.com/images/G/01/javascripts/lib/popover/images/po_bottom_left._CB265110084_.png); }
.ap_popover_unsprited .ap_footer .ap_right  { background-image: url(http://g-ecx.images-amazon.com/images/G/01/javascripts/lib/popover/images/po_bottom_right._CB265110087_.png); }
.ap_popover_unsprited .ap_footer .ap_middle { background-image: url(http://g-ecx.images-amazon.com/images/G/01/javascripts/lib/popover/images/po_bottom._CB265110084_.png); }

/* Everything else -- sprited */
.ap_popover_sprited .ap_body .ap_left, 
.ap_popover_sprited .ap_body .ap_right {
    background-image: url(http://g-ecx.images-amazon.com/images/G/01/javascripts/lib/popover/images/light/sprite-v._CB219326283_.png);
}


.ap_popover_sprited .ap_header .ap_left, 
.ap_popover_sprited .ap_header .ap_right,
.ap_popover_sprited .ap_header .ap_middle,
.ap_popover_sprited .ap_footer .ap_left, 
.ap_popover_sprited .ap_footer .ap_right,
.ap_popover_sprited .ap_footer .ap_middle,
.ap_popover_sprited .ap_closebutton {
    background-image: url(http://g-ecx.images-amazon.com/images/G/01/javascripts/lib/popover/images/light/sprite-h._CB219326280_.png);
}

.ap_popover_sprited .ap_body .ap_right-arrow, .ap_popover_sprited .ap_body .ap_left-arrow {
    background-image: url(http://g-ecx.images-amazon.com/images/G/01/javascripts/lib/popover/images/light/sprite-arrow-v._CB219326286_.png);
}

</style>


<script type="text/javascript">

var amznJQ,jQueryPatchIPadOffset=false;
(function() {
  function f(x) {return function(){x.push(arguments);}}
  function ch(y) {return String.fromCharCode(y);}
  var a=[],c=[],cs=[],d=[],l=[],o=[],s=[],p=[],t=[];
  amznJQ={
    _timesliceJS: false,
    _a:a,_c:c,_cs:cs,_d:d,_l:l,_o:o,_s:s,_pl:p,
    addLogical:f(l),
    addStyle:f(s),
    addPL:f(p),
    available:f(a),
    chars:{EOL:ch(10), SQUOTE:ch(39), DQUOTE:ch(34), BACKSLASH:ch(92), YEN:ch(165)},
    completedStage:f(cs),
    declareAvailable:f(d),
    onCompletion:f(c),
    onReady:f(o),
    strings:{}
  };
}());


</script>




<script language="Javascript1.1" type="text/javascript">
<!--
function amz_js_PopWin(url,name,options){
  var ContextWindow = window.open(url,name,options);
  ContextWindow.focus();
  return false;
}
//-->
</script>


        
        
    
        
        
        
        
            
        
        
        
            











<meta http-equiv="content-type" content="text/html; charset=iso-8859-15" />





<link rel="canonical" href="http://www.amazon.de/Aptamil-Kindermilch-Jahr-4er-Pack/dp/B00BSNACII" />
<meta name="description" content="Amazon.de: Aptamil Kindermilch 1+ ab 1 Jahr, 4er Pack (4 x 600 g) - Jetzt bestellen! Gro&szlig;e Auswahl &amp; schneller Versand." />
<meta name="title" content="Aptamil Kindermilch 1+ ab 1 Jahr, 4er Pack (4 x 600 g): Amazon.de: Lebensmittel &amp; Getränke" />

<meta name="keywords" content="Aptamil Kindermilch 1+ ab 1 Jahr, 4er Pack (4 x 600 g),Aptamil,602230,1. Geburtstag,Kind,Kleinkind,Milch,Milchgetränk" />
<title>Aptamil Kindermilch 1+ ab 1 Jahr, 4er Pack (4 x 600 g): Amazon.de: Lebensmittel &amp; Getränke</title>












<style type="text/css">

  #cm_cr_dpwidget .a-size-micro {
    font-size: 9px;
  } 

  #cm_cr_dpwidget .c7yTopDownDashedStrike {
    border-top: 1px dashed #A9A9A9;
    border-bottom: 1px dashed #A9A9A9;
  }

  #cm_cr_dpwidget .c7yBadgeAUI {
    text-transform: uppercase;
    letter-spacing: 0.5px;
    padding: 2px;
    white-space: nowrap;
  }

</style>



<script type="text/javascript">

// =============================================================================
// Function Class: Show/Hide product promotions & special offers link
// =============================================================================

function showElement(id) {
  var elm = document.getElementById(id);
  if (elm) {
    elm.style.visibility = 'visible';
    if (elm.getAttribute('name') == 'heroQuickPromoDiv') {
      elm.style.display = 'block';
    }
  }
}
function hideElement(id) {
  var elm = document.getElementById(id);
  if (elm) {
    elm.style.visibility = 'hidden';
    if (elm.getAttribute('name') == 'heroQuickPromoDiv') {
      elm.style.display = 'none';
    }
  }
}
function showHideElement(h_id, div_id) {
  var hiddenTag = document.getElementById(h_id);
  if (hiddenTag) {
    showElement(div_id);
  } else {
    hideElement(div_id);
  }
}

    if(typeof P === 'object' && typeof P.when === 'function'){
    P.register("isLazyLoadWeblabEnabled", function(){
        var  isWeblabEnabled = 1;
        return isWeblabEnabled;
      });
    }

	window.isBowserFeatureCleanup = 1;
	
var touchDeviceDetected = false;

var CSMReqs={af:{c:2,e:'amznJQ.AboveTheFold',p:'atf'},cf:{c:2,e:'amznJQ.criticalFeature',p:'cf'},x1:{c:1,p:'x1'},x2:{c:1,p:'x2'}};
function setCSMReq(a){
    a=a.toLowerCase();
    var b=CSMReqs[a];
    if(b&&--b.c==0){
        if(typeof uet=='function'){uet(a); (a == 'af') && (typeof replaceImg === 'function') && replaceImg();};
        if(b.e && window.amznJQ){amznJQ.completedStage(b.e);};
        if(typeof P != 'undefined'){
            P.register(b.p);
            if(a == 'af') {
                if(typeof uet === 'function') {
                    uet('bb', 'TwisterAUIWait', {wb: 1});
                }
            }
        };
    }
}
if(typeof P != 'undefined') {
    P.when('A').execute(function(A) {
        if(typeof uet === 'function') {
            uet('af', 'TwisterAUIWait', {wb: 1});
        }
    });
}

var addlongPoleTag = function(marker,customtag){
    marker=marker.toLowerCase();
    var b=CSMReqs[marker];
    if(b.c == 0){
        if(window.ue && typeof ue.tag === 'function') {
            ue.tag(customtag);
        }
    }
};

        window.isACRJumplLinkAnimated = 3;


var gbEnableTwisterJS  = 0;
var isTwisterPage = 0;
  isTwisterPage = 1;
</script>







<style type="text/css">

/* Override for Native DropDown changes */
     #twister .a-native-dropdown { display: inline; opacity:1; filter: alpha(opacity=100); z-index: auto; position: static; } #twister .a-dropdown-container span.a-button-dropdown { display: none !important }
     #buybox_feature_div .a-native-dropdown, #buybox .a-native-dropdown { opacity: 1; filter: alpha(opacity=100); z-index: auto; position: static; display: inline; font-weight: normal;}
     #buybox_feature_div label.a-native-dropdown, #buybox label.a-native-dropdown {padding-right: 5px;}
     #buybox_feature_div .a-dropdown-container .a-button-dropdown, #buybox .a-dropdown-container .a-button-dropdown  { display: none !important;}
     #buybox_feature_div #OneClickBox, #buybox #OneClickBox { text-align:center;}
     #buybox_feature_div #oneClickAvailable, #buybox #oneClickAvailable { text-align:center;}
     #defaultChildDropdown_feature_div .a-native-dropdown { display: inline;}
     #defaultChildDropdown_feature_div .a-dropdown-container .a-button-dropdown { display: none !important;}

</style>

<script type="text/javascript">


P.when("p-detect").execute(function() {
    var h = document.documentElement;
    h.className = h.className.replace(/(^|\b)a-touch(\b|$)/g,"");
});

window.weblabs = {};

</script>




    <script type="text/javascript">
(function(d,c){function f(a){b.push(a)}function e(a){if(a){var c=d.head||d.getElementsByTagName("head")[0]||d.documentElement,b=d.createElement("script");b.async="async";b.src=a;c.insertBefore(b,c.firstChild)}}function g(){ue.uels=e;for(var a=0;a<b.length;a++)e(b[a]);ue.deffered=1}var b=[];c.ue&&(ue.uels=f,c.ue.attach&&c.ue.attach("load",g))})(document,window);

if (window.ue && window.ue.uels) {
    ue.uels("http://z-ecx.images-amazon.com/images/G/01/AUIClients/ClientSideMetricsAUIJavascript-89bdab1e7aacdfd9eebad163e0e07ac988ed0cff._V2_.js");
}
ue_tbpv = 0;

(function(h,d){function e(c){c="";var b=a.isBFT?"b":"s",e=""+a.oid,d=""+a.lid,f=e;e!=d&&20==d.length&&(b+="a",f+="-"+d);a.tabid&&(c=a.tabid+"+");c+=b+"-"+f;c!=g&&100>c.length&&(g=c,document.cookie="csm-hit="+c+("|"+ +new Date)+l+"; path=/")}function m(){g=0}function k(b){!0===d[a.pageViz.propHid]?g=0:!1===d[a.pageViz.propHid]&&e({type:"visible"})}var l="; expires="+(new Date(+new Date+6048E5)).toGMTString(),g,b=h.ue_tbpv,a=h.ue||{},f=b&&a.pageViz&&a.pageViz.event&&a.pageViz.propHid;a.attach&&(a.attach("click",
e),a.attach("keyup",e),f&&4!=b&&5!=b||(a.attach("focus",e),a.attach("blur",m)),f&&a.attach(a.pageViz.event,k,d),!f||3!=b&&5!=b||k({}));a.aftb=1})(ue_csm,document);

(function(a){var b=a.alert;window.alert=function(){a.ueLogError&&a.ueLogError({message:"[CSM] Alert invocation detected with argument: "+arguments[0],logLevel:"WARN"});Function.prototype.apply.apply(b,[a,arguments||[]])}})(window);

(function(e,l,h){function m(a){c||(c=d[a.type].id,"undefined"===typeof a.clientX?(f=a.pageX,g=a.pageY):(f=a.clientX,g=a.clientY),2!=c||k&&(k!=f||n!=g)?(r(),e.ue_hi_err&&(b.hi=0!==c),b.isl&&l.setTimeout(function(){p("at",b.id)},0)):(k=f,n=g,c=0))}function r(){for(var a in d)d.hasOwnProperty(a)&&b.detach(a,m,d[a].parent)}function s(){for(var a in d)d.hasOwnProperty(a)&&b.attach(a,m,d[a].parent)}function t(){var a="";!q&&c&&(q=1,a+="&ui="+c);return a}var b=e.ue,p=e.uex,q=0,c=0,k,n,f,g,d={click:{id:1,
parent:h},mousemove:{id:2,parent:h},scroll:{id:3,parent:l},keydown:{id:4,parent:h}};b&&p&&(s(),b._ui=t,e.ue_hi_err&&(b.hi=!1))})(ue_csm,window,document);

ue_csm.ue.stub(ue,"impression");

if(window.uet && typeof webclient !== 'undefined' && typeof webclient.getRealClickTime === 'function') {
    // Fix for intra page navigation (multiple pages in the same webview) problem, realClickTime is not uploaded
    if (window.history && typeof window.History === 'function' && typeof window.history === 'object' && history.length == 1) {
	    uet('mtc', undefined, undefined, webclient.getRealClickTime());
    } else if (window.performance && performance.timing && performance.timing.navigationStart) {
    	uet('mtc', undefined, undefined, performance.timing.navigationStart);
    }
	
	ues('ctb', undefined, '1');
}
</script>
</head>  

    <body id="dp" class="grocery de_DE a-auix_ux_57388-c a-auix_ux_63571-c a-aui_51744-c a-aui_57326-c a-aui_58736-c a-aui_accessibility_49860-c a-aui_attr_validations_1_51371-c a-aui_bolt_62845-c a-aui_ux_49594-t1 a-aui_ux_56217-c a-aui_ux_59374-c a-aui_ux_60000-c"><div style='display:none;visibility:hidden;'>
    <img src='//fls-eu.amazon.de/1/batch/1/OP/A1PA6795UKMFR9:280-6066651-0896728:05RJQ27WRTNRY1YBHKCM$uedata=s:%2Fdp%2FB00BSNACII%2Fuedata%2Funsticky%2F280-6066651-0896728%2FDetail%2Fntpoffrw%3Fstaticb%26id%3D05RJQ27WRTNRY1YBHKCM%26pty%3DYourAccount%26spty%3DShipTrackDeBr%26pti%3D:1000' />


</div>
<div id="a-page"><script type="a-state" data-a-state="{&quot;key&quot;:&quot;a-wlab-states&quot;}">{"AUIX_UX_57388":null,"AUIX_UX_63571":null,"AUI_51744":"C","AUI_57326":null,"AUI_58736":null,"AUI_ACCESSIBILITY_49860":null,"AUI_ATTR_VALIDATIONS_1_51371":null,"AUI_BOLT_62845":null,"AUI_UX_49594":"T1","AUI_UX_56217":"C","AUI_UX_59374":null,"AUI_UX_60000":null}</script>

<script> (typeof uet === 'function') && uet('bb') </script>


         






<script type="text/javascript">

  if(typeof P !== "undefined" && typeof P.when === "function"){
    P.when('cf').execute(function() {
          P.when('navbarJS-jQuery').execute(function(){});
  P.when('finderFitsJS').execute(function(){});
  P.when('twister').execute(function(){});
  P.when('swfjs').execute(function(){});

    });
  }
</script>


<!-- BeginNav --><!--  -->
<script>
(window.AmazonUIPageJS ? AmazonUIPageJS : P).when('navCF').execute(function() {
  (window.AmazonUIPageJS ? AmazonUIPageJS : P).load.js('http://z-ecx.images-amazon.com/images/I/01YAhwn3AyL._RC|71RixZdXwXL.js,51hXuaB2fiL.js,01A18a0oAWL.js,31KWPx5AjmL.js,01wBjiz9OvL.js_.js#AUIClients/NavDesktopMetaAsset');
});
</script>
<!-- From remote config v3-->
<script type="text/javascript">
(function(d){document.createElement("header");function b(e){return[].slice.call(e)}function c(f,e){return{m:f,a:b(e)}}var a=function(f){var g={};g._sourceName=f;g._replay=[];g.getNow=function(i,h){return h};function e(i,h,j){i[j]=function(){g._replay.push(h.concat(c(j,arguments)))}}g.when=function(){var i=[c("when",arguments)];var h={};e(h,i,"run");e(h,i,"declare");e(h,i,"publish");e(h,i,"build");return h};e(g,[],"declare");e(g,[],"build");e(g,[],"publish");e(g,[],"importEvent");a._shims.push(g);return g};a._shims=[];if(!d.$Nav){d.$Nav=a("rcx-nav")}if(!d.$Nav.make){d.$Nav.make=a}}(window));
$Nav.importEvent('navbarJS-beaconbelt');
$Nav.declare('img.sprite', {
  'png8': 'http://g-ecx.images-amazon.com/images/G/03/gno/sprites/global-sprite_bluebeacon-v1._CB308131311_.png',
  'png32': 'http://g-ecx.images-amazon.com/images/G/03/gno/sprites/global-sprite_bluebeacon-32-v1._CB295582946_.png',
  'png32-2x': 'http://g-ecx.images-amazon.com/images/G/03/gno/sprites/global-sprite_bluebeacon-32-2x-v1._CB295582973_.png'
});
$Nav.declare('img.timeline', {
  'timeline-icon-2x': 'http://g-ecx.images-amazon.com/images/G/03/gno/sprites/timeline_sprite_2x.png'
});
$Nav.declare('img.gifting', {
  'gifting-image-2x': 'http://g-ecx.images-amazon.com/images/G/03/gno/gifting/gifting_flyout_2x.jpg'
});
$Nav.declare('img.prime', {
  'prime_music_image_2x': 'http://g-ecx.images-amazon.com/images/G/03/gno/prime/prime_music_2x.jpg',
  'prime_shipping_image_2x': 'http://g-ecx.images-amazon.com/images/G/03/gno/prime/prime_shipping_2x.jpg',
  'prime_video_image_2x': 'http://g-ecx.images-amazon.com/images/G/03/gno/prime/prime_video_2x.jpg',
  'prime_rec_left_image_2x': 'http://g-ecx.images-amazon.com/images/G/03/gno/prime/prime_rec_left_2x.jpg'
});
window._navbarSpriteUrl = 'http://g-ecx.images-amazon.com/images/G/03/gno/sprites/global-sprite_bluebeacon-32-v1._CB295582946_.png';
$Nav.declare('img.pixel', 'http://g-ecx.images-amazon.com/images/G/03/x-locale/common/transparent-pixel._CB386942701_.gif');
</script>
<img src="http://g-ecx.images-amazon.com/images/G/03/gno/sprites/global-sprite_bluebeacon-32-v1._CB295582946_.png" style="display:none" alt=""/>
<!--[if IE 6]>
<style type="text/css"><!--
  #navbar.nav-sprite-v3 .nav-sprite {
    background-image: url(http://g-ecx.images-amazon.com/images/G/03/gno/sprites/global-sprite_bluebeacon-v1._CB308131311_.png);
  }
--></style>
<![endif]-->






















<!--Pilu -->

<script type='text/javascript'>
window.uet && uet('ns');

window._navbar = (function (o) {
  o.componentLoaded = o.loading = function(){};
  o.browsepromos = {};
  o.issPromos = [];
  return o;
}(window._navbar || {}));

window._navbar.declareOnLoad = function () { window.$Nav && $Nav.declare('page.load'); };
if (window.addEventListener) {
  window.addEventListener("load", window._navbar.declareOnLoad, false);
} else if (window.attachEvent) {
  window.attachEvent("onload", window._navbar.declareOnLoad);
} else if (window.$Nav) {
  $Nav.when('page.domReady').run("OnloadFallbackSetup", function () {
    window._navbar.declareOnLoad();
  });
}

window.$Nav && $Nav.declare('logEvent.enabled',
  false);


window.$Nav && $Nav.declare('config.lightningDeals',{});
window.$Nav && $Nav.declare('config.swmStyleData',{});
window.$Nav && $Nav.declare('config.ajaxProximity', [141,7,60,150]);

</script>

<script type='text/javascript'>window.$Nav && $Nav.when('$','$F','config','logEvent','panels','phoneHome','dataPanel','flyouts.renderPromo','flyouts.sloppyTrigger','flyouts.accessibility','util.mouseOut','util.onKey','debug.param').build('flyouts.buildSubPanels',function($,$F,config,logEvent,panels,phoneHome,dataPanel,renderPromo,createSloppyTrigger,a11yHandler,mouseOutUtility,onKey,debugParam){var flyoutDebug=debugParam('navFlyoutClick');return function(flyout,event){var linkKeys=[];$('.nav-item',flyout.elem()).each(function(){var $item=$(this);linkKeys.push({link:$item,panelKey:$item.attr('data-nav-panelkey')});});if(linkKeys.length===0){return;} var visible=false;var $parent=$('<div class=\'nav-subcats\'></div>').appendTo(flyout.elem());var panelGroup=flyout.getName()+'SubCats';var hideTimeout=null;var sloppyTrigger=createSloppyTrigger($parent);var showParent=function(){if(hideTimeout){clearTimeout(hideTimeout);hideTimeout=null;} if(visible){return;} var height=$('#nav-flyout-shopAll').height();$parent.animate({width:'show'},{duration:200,complete:function(){$parent.css({overflow:'visible','height':height});}});visible=true;};var hideParentNow=function(){$parent.stop().css({overflow:'hidden',display:'none',width:'auto',height:'auto'});panels.hideAll({group:panelGroup});visible=false;if(hideTimeout){clearTimeout(hideTimeout);hideTimeout=null;}};var hideParent=function(){if(!visible){return;} if(hideTimeout){clearTimeout(hideTimeout);hideTimeout=null;} hideTimeout=setTimeout(hideParentNow,10);};flyout.onHide(function(){sloppyTrigger.disable();hideParentNow();this.elem().hide();});var addPanel=function($link,panelKey){var panel=dataPanel({className:'nav-subcat',dataKey:panelKey,groups:[panelGroup],spinner:false,visible:false});if(!flyoutDebug){var mouseout=mouseOutUtility();mouseout.add(flyout.elem());mouseout.action(function(){panel.hide();});mouseout.enable();} var a11y=a11yHandler({link:$link,onEscape:function(){panel.hide();$link.focus();}});var logPanelInteraction=function(promoID,wlTriggers){var logNow=$F.once().on(function(){var panelEvent=$.extend({},event,{id:promoID});if(config.browsePromos&&!!config.browsePromos[promoID]){panelEvent.bp=1;} logEvent(panelEvent);phoneHome.trigger(wlTriggers);});if(panel.isVisible()&&panel.hasInteracted()){logNow();}else{panel.onInteract(logNow);}};panel.onData(function(data){renderPromo(data.promoID,panel.elem());logPanelInteraction(data.promoID,data.wlTriggers);});panel.onShow(function(){var columnCount=$('.nav-column',panel.elem()).length;panel.elem().addClass('nav-colcount-'+columnCount);showParent();var $subCatLinks=$('.nav-subcat-links > a',panel.elem());var length=$subCatLinks.length;if(length>0){var firstElementLeftPos=$subCatLinks.eq(0).offset().left;for(var i=1;i<length;i++){if(firstElementLeftPos===$subCatLinks.eq(i).offset().left){$subCatLinks.eq(i).addClass('nav_linestart');}} if($('span.nav-title.nav-item',panel.elem()).length===0){var catTitle=$.trim($link.html());catTitle=catTitle.replace(/ref=sa_menu_top/g,'ref=sa_menu');var $subPanelTitle=$('<span class=\'nav-title nav-item\'>'+ catTitle+'</span>');panel.elem().prepend($subPanelTitle);}} $link.addClass('nav-active');});panel.onHide(function(){$link.removeClass('nav-active');hideParent();a11y.disable();});panel.onShow(function(){a11y.elems($('a, area',panel.elem()));});sloppyTrigger.register($link,panel);if(flyoutDebug){$link.click(function(){if(panel.isVisible()){panel.hide();}else{panel.show();}});} var panelKeyHandler=onKey($link,function(){if(this.isEnter()||this.isSpace()){panel.show();}},'keydown',false);$link.focus(function(){panelKeyHandler.bind();}).blur(function(){panelKeyHandler.unbind();});panel.elem().appendTo($parent);};var hideParentAndResetTrigger=function(){hideParent();sloppyTrigger.disable();};for(var i=0;i<linkKeys.length;i++){var item=linkKeys[i];if(item.panelKey){addPanel(item.link,item.panelKey);}else{item.link.mouseover(hideParentAndResetTrigger);}}};}); window.$Nav && window.$Nav.when("$","subnav.initFlyouts","constants","nav.inline").build("subnav.builder",function(a,t,e){var n=a("#navbar");return function(s){var r=a("#nav-subnav");if(0===r.length&&(r=a("<div id='nav-subnav'></div>").appendTo("#navbar")),r.html(""),n.removeClass("nav-subnav"),s.categoryKey&&s.digest){r.attr("data-category",s.categoryKey).attr("data-digest",s.digest).attr("class",s.category.data.categoryStyle),s.style?r.attr("style",s.style):r.attr("style")&&r.removeAttr("style");var i=function(t){if(t&&t.href){var n="nav-a",s=t.text,i=t.dataKey;if(!s&&!t.image){if(!i||0!==i.indexOf(e.ADVANCED_PREFIX))return;s="",n+=" nav-aText"}var d=t.image?"<img src='"+t.image+"'class='nav-categ-image' ></a>":s,l=a("<a href='"+t.href+"' class='"+n+"'></a>"),v=a("<span class='nav-a-content'>"+d+"</span>");if("image"===t.type&&(v.html(""),l.addClass("nav-hasImage"),t.rightText=""),t.bold&&!t.image&&l.addClass("nav-b"),t.floatRight&&l.addClass("nav-right"),t.flyoutFullWidth&&"0"!==t.flyoutFullWidth&&l.attr("data-nav-flyout-full-width","1"),t.src){var g=["nav-image"];t["absolute-right"]&&g.push("nav-image-abs-right"),t["absolute-right"]&&g.push("nav-image-abs-right"),a("<img src='"+t.src+"' class='"+g.join(" ")+"' alt='"+(t.alt||"")+"' />").appendTo(v)}t.rightText&&v.append(t.rightText),v.appendTo(l),i&&(a("<span class='nav-arrow'></span>").appendTo(l),l.attr("data-nav-key",i).addClass("nav-hasArrow")),l.appendTo(r),r.append(document.createTextNode(" "))}};if(s.category&&s.category.data&&(s.category.data.bold=!0,i(s.category.data)),s.subnav&&"linkSequence"===s.subnav.type)for(var d=0;d<s.subnav.data.length;d++)i(s.subnav.data[d]);n.addClass("nav-subnav"),t()}}});</script><style type='text/css'>div#navSwmHoliday.nav-focus {border: none;margin: 0;}</style>

<!-- navp-8X9iqocx3+weZ4zAVaIuIhBEB6XEK22SD96+rsvlzR680Qq/+/AGsiIHntR3iGTItVbhzGKoKGo= rid-05RJQ27WRTNRY1YBHKCM (Tue May 24 09:43:04 2016) -->




<![if gt IE 6]><noscript><![endif]>
<style type="text/css"><!--
  #navbar #nav-shop .nav-a:hover {
    color: #ff9900;
    text-decoration: underline;
  }
  #navbar #nav-search .nav-search-facade,
  #navbar #nav-tools .nav-icon,
  #navbar #nav-shop .nav-icon,
  #navbar #nav-subnav .nav-hasArrow .nav-arrow {
    display: none;
  }
  #navbar #nav-search .nav-search-submit,
  #navbar #nav-search .nav-search-scope {
    display: block;
  }
  #nav-search .nav-search-scope {
    padding: 0 5px;
  }
  #navbar #nav-search .nav-search-dropdown {
    position: relative;
    top: 5px;
    height: 23px;
    font-size: 14px;
    opacity: 1;
    filter: alpha(opacity = 100);
  }
--></style>
<![if gt IE 6]></noscript><![endif]>



<a id="nav-top"></a>







<header class='nav-locale-de nav-lang-de nav-unrec'>
  <div id='navbar' role="navigation" class='nav-sprite-v1 nav-bluebeacon nav-subnav'>
    
    
    <div id='nav-belt'>
      <div class='nav-left'>
        
<div id='nav-logo' >
  <a href="/ref=nav_logo/280-6066651-0896728"
    class='nav-logo-link' 
    tabindex="2"
  >
    <span class='nav-logo-base nav-sprite'>Amazon.de</span>
    <span class='nav-logo-ext nav-sprite'></span>
    <span class='nav-logo-locale nav-sprite'></span>
  </a>

  <a href="/gp/prime/ref=nav_logo_prime_join/280-6066651-0896728" aria-label="" tabindex="3" class='nav-logo-tagline nav-sprite nav-prime-try' >
    Prime testen
  </a>

  
</div>


      </div>
      <div class='nav-right'>
        

  <div id='nav-swmslot'>
    <div id="navSwmHoliday" style="background-image: url(http://g-ecx.images-amazon.com/images/G/03/marketing/prime/onsite/SWM/de_prime_10-04-15_desktop_swms_400x39_1._CB308247606_.png); width: 400px; height: 39px; overflow: hidden;position: relative;"><img alt='Prime' src='http://g-ecx.images-amazon.com/images/G/03/x-locale/common/transparent-pixel._CB386942701_.gif' border='0' width='400px' height='39px' usemap='#nav-swm-holiday-map' /></div><div style="display: none;"><map id="nav-swm-holiday-map" name="nav-swm-holiday-map"><area shape="rect" coords="1,2,400,39" href ="https://www.amazon.de:443/gp/redirect.html/ref=Prime_de_swm_unrecog/280-6066651-0896728?ie=UTF8&location=https%3A%2F%2Fwww.amazon.de%2Fgp%2Fprime%2F%3Fref_%3DPrime_de_swm_unrecog&source=standards&token=09C6F2F9897CD5602DAB1E7E8DB6CAE889EFC345&pf_rd_m=A3JWKAKR8XB7XF&pf_rd_s=nav-sitewide-msg&pf_rd_r=05RJQ27WRTNRY1YBHKCM&pf_rd_t=4201&pf_rd_p=910977947&pf_rd_i=navbar-4201" alt ="Prime" /></map></div>
  </div>

      </div>
      <div class='nav-fill'>
        
<div id="nav-search">
  <div id="nav-bar-left"></div>
  <form accept-charset='utf-8' action='/s/ref=nb_sb_noss/280-6066651-0896728' class='nav-searchbar' method='GET' name='site-search' role='search'>
    <input type="hidden" name="__mk_de_DE" value="ÅMÅŽÕÑ" />
    <div class="nav-left">
      <div class="nav-search-scope nav-sprite">
        
<div class="nav-search-facade" data-value="search-alias=aps">
  <span class="nav-search-label">Lebensmittel & Getränke</span>
  <i class="nav-icon"></i>
</div>

        
<select class='nav-search-dropdown searchSelect' data-nav-digest='ZPesHFv7msevQtqeh6/XWRRz26Y' data-nav-selected='27' id='searchDropdownBox' name='url' tabindex='5' title='Suchen in'>
<option value='search-alias=aps'>Alle Kategorien</option>
<option value='search-alias=pantry'>Amazon Pantry</option>
<option value='search-alias=instant-video'>Amazon Video</option>
<option value='search-alias=mobile-apps'>Apps & Spiele</option>
<option value='search-alias=automotive'>Auto & Motorrad</option>
<option value='search-alias=baby'>Baby</option>
<option value='search-alias=diy'>Baumarkt</option>
<option value='search-alias=beauty'>Beauty</option>
<option value='search-alias=clothing'>Bekleidung</option>
<option value='search-alias=lighting'>Beleuchtung</option>
<option value='search-alias=stripbooks'>Bücher</option>
<option value='search-alias=office-products'>Bürobedarf & Schreibwaren</option>
<option value='search-alias=computers'>Computer & Zubehör</option>
<option value='search-alias=drugstore'>Drogerie & Körperpflege</option>
<option value='search-alias=dvd'>DVD & Blu-ray</option>
<option value='search-alias=appliances'>Elektro-Großgeräte</option>
<option value='search-alias=electronics'>Elektronik & Foto</option>
<option value='search-alias=english-books'>Fremdsprachige Bücher</option>
<option value='search-alias=videogames'>Games</option>
<option value='search-alias=outdoor'>Garten</option>
<option value='search-alias=gift-cards'>Geschenkgutscheine</option>
<option value='search-alias=pets'>Haustier</option>
<option value='search-alias=photo'>Kamera &amp; Foto</option>
<option value='search-alias=digital-text'>Kindle-Shop</option>
<option value='search-alias=classical'>Klassik</option>
<option value='search-alias=luggage'>Koffer, Rucksäcke & Taschen </option>
<option value='search-alias=kitchen'>Küche & Haushalt</option>
<option current='parent' selected='selected' value='search-alias=grocery'>Lebensmittel & Getränke</option>
<option value='search-alias=dvd-bypost'>LOVEFiLM DVD Verleih</option>
<option value='search-alias=popular'>Musik-CDs & Vinyl</option>
<option value='search-alias=digital-music'>Musik-Downloads</option>
<option value='search-alias=mi'>Musikinstrumente & DJ-Equipment</option>
<option value='search-alias=luxury-beauty'>Premium Beauty</option>
<option value='search-alias=jewelry'>Schmuck</option>
<option value='search-alias=shoes'>Schuhe & Handtaschen</option>
<option value='search-alias=software'>Software</option>
<option value='search-alias=toys'>Spielzeug</option>
<option value='search-alias=sports'>Sport & Freizeit</option>
<option value='search-alias=industrial'>Technik & Wissenschaft</option>
<option value='search-alias=watches'>Uhren</option>
<option value='search-alias=magazines'>Zeitschriften</option>
</select>


      </div>
    </div>
    <div class="nav-right">
      <div class="nav-search-submit nav-sprite">
        
<span id="nav-search-submit-text" class="nav-search-submit-text nav-sprite">Los</span>

        <input type="submit" class="nav-input" value="Los" tabindex="7"/>
      </div>
    </div>
    <div class="nav-fill">
      <div class="nav-search-field">
        <input type='text'
          id='twotabsearchtextbox'
          value=""
          name='field-keywords'
          autocomplete='off'
          class='nav-input'
          tabindex="6"
        >
      </div>
      <div id="nav-iss-attach"></div>
    </div>
  </form>
</div>

      </div>
    </div>
    <div id='nav-main' class='nav-sprite'>
      <div class='nav-left'>
        
<div id='nav-shop'>
  <a href='/gp/site-directory/ref=nav_shopall_btn/280-6066651-0896728' class='nav-a nav-a-2' id='nav-link-shopall' tabindex='10'><span class='nav-line-1'>Alle</span><span class='nav-line-2'>Kategorien<span class='nav-icon nav-arrow'></span></span></a>
</div>

      </div>
      <div class='nav-right'>
        




<div id='nav-tools'>
  <a href='https://www.amazon.de/gp/navigation/redirector.html/ref=sign-in-redirect/280-6066651-0896728?ie=UTF8&associationHandle=deflex&currentPageURL=https%3A%2F%2Fwww.amazon.de%2Fgp%2Fproduct%2FB00BSNACII%3Fie%3DUTF8%26ref_%3Dnav_ya_signin&pageType=Detail&yshURL=https%3A%2F%2Fwww.amazon.de%2Fgp%2Fyourstore%2Fhome%3Fie%3DUTF8%26ref_%3Dnav_ya_signin' class='nav-a nav-a-2' data-nav-ref='nav_ya_signin' data-nav-role='signin' id='nav-link-yourAccount' tabindex='25'><span class='nav-line-1'>Hallo! Anmelden</span><span class='nav-line-2'>Mein Konto<span class='nav-icon nav-arrow'></span></span></a><a href='/gp/prime/ref=nav_prime_try_btn/280-6066651-0896728' class='nav-a nav-a-2' id='nav-link-prime' tabindex='26'><span class='nav-line-1'>Testen Sie</span><span class='nav-line-2'>Prime<span class='nav-icon nav-arrow'></span></span></a><a href='/gp/registry/wishlist/ref=nav_wishlist_btn/280-6066651-0896728' class='nav-a nav-a-2' id='nav-link-wishlist' tabindex='27'><span class='nav-line-1'>Meine</span><span class='nav-line-2'>Listen<span class='nav-icon nav-arrow'></span></span></a><a href='https://www.amazon.de/gp/cart/view.html/ref=nav_cart/280-6066651-0896728' aria-label='0 Artikel in Einkaufswagen' class='nav-a nav-a-2' id='nav-cart' tabindex='28'><span aria-hidden='true' class='nav-line-1'>Einkaufs-</span><span aria-hidden='true' class='nav-line-2'>wagen<span class='nav-icon nav-arrow'></span></span><span class='nav-cart-icon nav-sprite'></span><span id='nav-cart-count' aria-hidden='true' class='nav-cart-count nav-cart-0'>0</span></a>
</div>

      </div>
      <div class='nav-fill'>
        <div id='nav-xshop-container' ><div id='nav-xshop'>
  
  

<a href='/gp/yourstore/home/ref=nav_cs_ys/280-6066651-0896728' data-nav-tabindex='5' class='nav-a nav_a' id='nav-your-amazon'>Mein Amazon</a><a href='/gp/angebote/ref=nav_cs_gb/280-6066651-0896728' class='nav-a' tabindex='17'>Angebote</a><a href='/Geschenkgutscheine/b/ref=nav_cs_gc/280-6066651-0896728?ie=UTF8&amp;node=1571256031' class='nav-a' tabindex='18'>Gutscheine</a><a href='/b/ref=nav_cs_sell/280-6066651-0896728?_encoding=UTF8&amp;ld=AZDEGNOSellC&amp;node=2383621031' class='nav-a' tabindex='19'>Verkaufen</a><a href='/gp/help/customer/display.html/ref=nav_cs_help/280-6066651-0896728?ie=UTF8&amp;nodeId=504874' class='nav-a' tabindex='20'>Hilfe</a><a href='/gp/switch-language/product/B00BSNACII/ref=cs_switchlang/280-6066651-0896728?ie=UTF8&language=en_GB&m=A3JWKAKR8XB7XF' data-nav-tabindex='5' class='nav-a nav_a' id='nav-your-amazon'>In English - Beta <span style="color: #e47911; font-size:0.8em; font-weight:bold;">NEW!</span></a>
</div></div>
      </div>
    </div>
    
    <div id='nav-subnav'  class="" data-category="grocery" data-digest="oUIgG1kkWfhlb7u6FDlgv7SV4cQ">
<a href='/Lebensmittel-Getr%C3%A4nke/b/ref=topnav_storetab_grocery/280-6066651-0896728?ie=UTF8&amp;node=340846031' class='nav-a nav-b'><span class="nav-a-content">Lebensmittel & Getränke</span></a> <a href='/Suessigkeiten-Schokolade/b/ref=sv_grocery_0/280-6066651-0896728?ie=UTF8&amp;node=358579031' class='nav-a'><span class="nav-a-content">Schokolade &amp; Süßigkeiten</span></a> <a href='/Kaffee-Tee/b/ref=sv_grocery_1/280-6066651-0896728?ie=UTF8&amp;node=358567031' class='nav-a'><span class="nav-a-content">Kaffee &amp; Tee</span></a> <a href='/Bier-Wein-Spirituosen/b/ref=sv_grocery_2/280-6066651-0896728?ie=UTF8&amp;node=358556031' class='nav-a'><span class="nav-a-content">Bier, Wein &amp; Spirituosen</span></a> <a href='/b/ref=sv_grocery_3/280-6066651-0896728?ie=UTF8&amp;node=9501653031' class='nav-a'><span class="nav-a-content">Bio &amp; Clean Eating</span></a> <a href='/amazon-pantry/b/ref=sv_grocery_4/280-6066651-0896728?ie=UTF8&amp;node=5787992031' class='nav-a'><span class="nav-a-content">Pantry</span></a> <a href='/b/ref=sv_grocery_5/280-6066651-0896728?ie=UTF8&amp;node=365206031' class='nav-a'><span class="nav-a-content">Spar-Abo</span></a> <a href='/b/ref=sv_grocery_6/280-6066651-0896728?ie=UTF8&amp;node=437584031' class='nav-a'><span class="nav-a-content">Angebote</span></a> <a href='/gp/bestsellers/grocery/ref=sv_grocery_7/280-6066651-0896728' class='nav-a'><span class="nav-a-content">Bestseller</span></a>       
      
    </div>

    
    
  </div>
  

</header>

<!-- nav promo cached -->


<map name="nav_imgmap_nav-sa-android" id="nav_imgmap_nav-sa-android">
<area shape="rect" coords="10,10,468,472" href="/b/ref=nav_sap_mas_Marty?ie=UTF8&node=6369057031&pf_rd_p=793281787&pf_rd_s=nav-sa-android&pf_rd_t=4201&pf_rd_i=navbar-4201&pf_rd_m=A1PA6795UKMFR9&pf_rd_r=0970ARRTQ3WMMCP978J2" alt=""/>
</map>



<map name="nav_imgmap_nav-sa-apparel-shoes-watches" id="nav_imgmap_nav-sa-apparel-shoes-watches">
<area shape="rect" coords="1,1,472,460" href="/gp/b/ref=nav_sap_holidaypacklist?ie=UTF8&node=5866124031&pf_rd_p=921591667&pf_rd_s=nav-sa-apparel-shoes-watches&pf_rd_t=4201&pf_rd_i=navbar-4201&pf_rd_m=A1PA6795UKMFR9&pf_rd_r=0970ARRTQ3WMMCP978J2" alt="holidaypacklist"/>
</map>



<map name="nav_imgmap_nav-sa-auto-bike" id="nav_imgmap_nav-sa-auto-bike">
<area shape="rect" coords="16,142,503,487" href="/Motorradreifen-Roller-Motorrad/b/ref=nav-sa-auto-bike?ie=UTF8&node=4606925031&pf_rd_p=912667227&pf_rd_s=nav-sa-auto-bike&pf_rd_t=4201&pf_rd_i=navbar-4201&pf_rd_m=A1PA6795UKMFR9&pf_rd_r=0970ARRTQ3WMMCP978J2" alt="Hier klicken"/>
</map>



<map name="nav_imgmap_nav-sa-books" id="nav_imgmap_nav-sa-books">
<area shape="rect" coords="1,1,489,470" href="/fremdsprachige-englische-b%C3%83%C2%BCcher-english-books/b/ref=nav_sa_books_211656467?ie=UTF8&node=52044011&pf_rd_p=934412147&pf_rd_s=nav-sa-books&pf_rd_t=4201&pf_rd_i=navbar-4201&pf_rd_m=A1PA6795UKMFR9&pf_rd_r=0970ARRTQ3WMMCP978J2" alt="foreign_books"/>
</map>



<map name="nav_imgmap_nav-sa-cloud-drive" id="nav_imgmap_nav-sa-cloud-drive">
<area shape="rect" coords="1,1,442,426" href="/clouddrive/learnmore/ref=CD_DE_NB_GNO_DT_EVRGRN?pf_rd_p=656878767&pf_rd_s=nav-sa-cloud-drive&pf_rd_t=4201&pf_rd_i=navbar-4201&pf_rd_m=A1PA6795UKMFR9&pf_rd_r=0970ARRTQ3WMMCP978J2" alt="Cloud Drive Photos"/>
</map>



<map name="nav_imgmap_nav-sa-fire-tv" id="nav_imgmap_nav-sa-fire-tv">
<area shape="rect" coords="0,0,499,474" href="/dp/B00KAKPZYG/ref=nav_flyout_kindle_Mont_Oct?pf_rd_p=719097367&pf_rd_s=nav-sa-fire-tv&pf_rd_t=4201&pf_rd_i=navbar-4201&pf_rd_m=A1PA6795UKMFR9&pf_rd_r=0970ARRTQ3WMMCP978J2" alt="Learn More"/>
</map>



<map name="nav_imgmap_nav-sa-food-beverages-health-beauty" id="nav_imgmap_nav-sa-food-beverages-health-beauty">
<area shape="rect" coords="480,470,1,1" href="/s/ref=?_encoding=UTF8&bbn=64275031&rh=i%3Adrugstore%2Cn%3A64187031%2Cn%3A!64257031%2Cn%3A64275031%2Cn%3A64866031&pf_rd_p=922738567&pf_rd_s=nav-sa-food-beverages-health-beauty&pf_rd_t=4201&pf_rd_i=navbar-4201&pf_rd_m=A1PA6795UKMFR9&pf_rd_r=0970ARRTQ3WMMCP978J2" alt=""/>
</map>



<map name="nav_imgmap_nav-sa-home-garden-tools" id="nav_imgmap_nav-sa-home-garden-tools">
<area shape="rect" coords="1,1,479,528" href="/gp/adlp/samsung-washing/ref=de_mda_addwash?pf_rd_p=912738127&pf_rd_s=nav-sa-home-garden-tools&pf_rd_t=4201&pf_rd_i=navbar-4201&pf_rd_m=A1PA6795UKMFR9&pf_rd_r=0970ARRTQ3WMMCP978J2" alt="Samsung AddWash"/>
</map>



<map name="nav_imgmap_nav-sa-industrial" id="nav_imgmap_nav-sa-industrial">
<area shape="rect" coords="0,225,475,459" href="/b/ref=nav-sa-industrial?_encoding=UTF8&node=6587831031&pf_rd_p=899763507&pf_rd_s=nav-sa-industrial&pf_rd_t=4201&pf_rd_i=navbar-4201&pf_rd_m=A1PA6795UKMFR9&pf_rd_r=0970ARRTQ3WMMCP978J2" alt="Hier klicken"/>
</map>



<map name="nav_imgmap_nav-sa-instant-video" id="nav_imgmap_nav-sa-instant-video">
<area shape="rect" coords="1,1,519,482" href="/dp/B01DFQOK7E/ref=dvm_de_mer_gen_aiv_1_20_bosch_s2/ref=?pf_rd_p=908842947&pf_rd_s=nav-sa-instant-video&pf_rd_t=4201&pf_rd_i=navbar-4201&pf_rd_m=A1PA6795UKMFR9&pf_rd_r=0970ARRTQ3WMMCP978J2" alt=""/>
</map>



<map name="nav_imgmap_nav-sa-kindle-fire-tablet" id="nav_imgmap_nav-sa-kindle-fire-tablet">
<area shape="rect" coords="0,0,540,523" href="/dp/B00ZDWLEEG/ref=nav_flyout_kindle_fire?pf_rd_p=943294287&pf_rd_s=nav-sa-kindle-fire-tablet&pf_rd_t=4201&pf_rd_i=navbar-4201&pf_rd_m=A1PA6795UKMFR9&pf_rd_r=0970ARRTQ3WMMCP978J2" alt="Fire"/>
</map>



<map name="nav_imgmap_nav-sa-kindle-reader" id="nav_imgmap_nav-sa-kindle-reader">
<area shape="rect" coords="0,0,499,474" href="/dp/B00QJDO0QC/ref=nav_flyout_kindle_km?pf_rd_p=913411407&pf_rd_s=nav-sa-kindle-reader&pf_rd_t=4201&pf_rd_i=navbar-4201&pf_rd_m=A1PA6795UKMFR9&pf_rd_r=0970ARRTQ3WMMCP978J2" alt="Shop Kindle"/>
</map>



<map name="nav_imgmap_nav-sa-mp3" id="nav_imgmap_nav-sa-mp3">
<area shape="rect" coords="1,1,500,471" href="/dp/B01BP8KHHG/ref=dmm_fo_0513_udo_a?pf_rd_p=949630067&pf_rd_s=nav-sa-mp3&pf_rd_t=4201&pf_rd_i=navbar-4201&pf_rd_m=A1PA6795UKMFR9&pf_rd_r=0970ARRTQ3WMMCP978J2" alt="PrimeMusic"/>
</map>



<map name="nav_imgmap_nav-sa-music-games-film-tv" id="nav_imgmap_nav-sa-music-games-film-tv">
<area shape="rect" coords="1,1,480,439" href="/autorip-cd-vinyl-kaufen-mp3-kostenlos/b/ref=nav_sap_au?ie=UTF8&node=2624847031&pf_rd_p=846865787&pf_rd_s=nav-sa-music-games-film-tv&pf_rd_t=4201&pf_rd_i=navbar-4201&pf_rd_m=A1PA6795UKMFR9&pf_rd_r=0970ARRTQ3WMMCP978J2" alt="Autorip"/>
</map>



<map name="nav_imgmap_nav-sa-sports-outdoors" id="nav_imgmap_nav-sa-sports-outdoors">
<area shape="rect" coords="2,1,512,480" href="/gp/b/ref=nav-sa-sports-em2016?ie=UTF8&node=1676138031&pf_rd_p=934430267&pf_rd_s=nav-sa-sports-outdoors&pf_rd_t=4201&pf_rd_i=navbar-4201&pf_rd_m=A1PA6795UKMFR9&pf_rd_r=0970ARRTQ3WMMCP978J2" alt="NYNY"/>
</map>



<map name="nav_imgmap_nav-sa-baby-kids-toys" id="nav_imgmap_nav-sa-baby-kids-toys">
<area shape="rect" coords="1,1,501,452" href="/b/ref=?_encoding=UTF8&node=8986738031&pf_rd_p=871123847&pf_rd_s=nav-sa-baby-kids-toys&pf_rd_t=4201&pf_rd_i=navbar-4201&pf_rd_m=A1PA6795UKMFR9&pf_rd_r=0970ARRTQ3WMMCP978J2" alt=""/>
</map>



<map name="nav_imgmap_nav-sa-electronics-computers" id="nav_imgmap_nav-sa-electronics-computers">
<area shape="rect" coords="10,10,468,472" href="/s/ref=nav-sa-ce_186662847?_encoding=UTF8&rh=n%3A4539578031%2Ci%3Aelectronics&pf_rd_p=855538827&pf_rd_s=nav-sa-electronics-computers&pf_rd_t=4201&pf_rd_i=navbar-4201&pf_rd_m=A1PA6795UKMFR9&pf_rd_r=0970ARRTQ3WMMCP978J2" alt="UHD TVs"/>
</map>




<script type="text/javascript"><!--

window.$Nav && $Nav.declare("config.navDeviceType", "desktop");

window.$Nav && $Nav.when("data").run(function(data) { data({"emptyWishlist":{"template":{"name":"flyoutError","data":{"error":{"button":{"text":"Mein Wunschzettel","url":"/gp/registry/wishlist/ref=nav_err_empty_wishlist/280-6066651-0896728"},"title":" ","paragraph":"Ihre Liste ist leer"}}}},"yourAccountContent":{"template":{"name":"flyoutError","data":{"error":{"button":{"text":"Mein Konto","url":"/gp/css/homepage.html/ref=nav_err_youraccount/280-6066651-0896728"},"title":" ","paragraph":"Leider können die Kategorien vorübergehend nicht aufgerufen werden."}}}},"errorWishlist":{"template":{"name":"flyoutError","data":{"error":{"button":{"text":"Mein Wunschzettel","url":"/gp/registry/wishlist/ref=nav_err_wishlist/280-6066651-0896728"},"title":" ","paragraph":"Leider können die Kategorien vorübergehend nicht aufgerufen werden."}}}},"ewcTimeout":{"template":{"name":"flyoutError","data":{"error":{"button":{"text":"Mein Einkaufswagen","url":"/gp/cart/view.html/ref=nav_err_ewc_timeout/280-6066651-0896728"},"title":" ","paragraph":"Es gibt ein Problem Abrufen Einkaufswagen jetzt"}}}},"cartTimeout":{"template":{"name":"flyoutError","data":{"error":{"button":{"text":"Mein Einkaufswagen","url":"/gp/cart/view.html/ref=nav_err_cart_timeout/280-6066651-0896728"},"title":" ","paragraph":"Es gibt ein Problem Abrufen Einkaufswagen jetzt"}}}},"kindleTimeout":{"template":{"name":"flyoutError","data":{"error":{"paragraph":"Leider können die Kategorien vorübergehend nicht aufgerufen werden."}}}},"shopAllTimeout":{"template":{"name":"flyoutError","data":{"error":{"paragraph":"Leider können die Kategorien vorübergehend nicht aufgerufen werden."}}}},"primeTimeout":{"template":{"name":"flyoutError","data":{"error":{"title":"<a href='/gp/prime'><img src='https://images-na.ssl-images-amazon.com/images/G/03/prime/yourprime/yourprime-widget-piv-fallback._V309896279_.jpg' /></a>"}}}}}); });

  window.$Nav && $Nav.when("util.templates").run("FlyoutErrorTemplate", function (templates) {
    templates.add("flyoutError", "<# if(error.title) { #><span class='nav-title'><#=error.title #></span><# } #><# if(error.paragraph) { #><p class='nav-paragraph'><#=error.paragraph #></p><# } #><# if(error.button) { #><a href='<#=error.button.url #>' class='nav-action-button' ><span class='nav-action-inner'><#=error.button.text #></span></a><# } #>");
  });



window.$Nav && $Nav.declare('config.navDebugHighres', false);


window.$Nav && $Nav.declare('config.upnavHighResImgInfo',
  {"upnav2xImageHeight":"","upnav2xImagePath":""});

window.$Nav && $Nav.declare('config.upnav2xAiryPreloadImgInfo',
  {"preloadImgPath":"","preloadImgHeight":""});

window.$Nav && $Nav.declare('config.upnav2xAiryPostSlateImgInfo',
  {"postslateImgHeight":"","postslateImgPath":""});

window.$Nav && $Nav.declare('config.pageType', 'Detail');
window.$Nav && $Nav.declare('config.subPageType', 'Glance');

window.$Nav && $Nav.declare('config.dynamicMenuUrl', '/gp/navigation/ajax/dynamic-menu.html/280-6066651-0896728');

window.$Nav && $Nav.declare('config.dismissNotificationUrl',
  '/gp/navigation/ajax/dismissnotification.html/280-6066651-0896728');

window.$Nav && $Nav.declare('config.enableDynamicMenus', true);

window.$Nav && $Nav.declare('config.isInternal', false);

window.$Nav && $Nav.declare('config.isRecognized', false);

window.$Nav && $Nav.declare('config.transientFlyoutTrigger', '#nav-transient-flyout-trigger');

window.$Nav && $Nav.declare('config.subnavFlyoutUrl',
  '/gp/navigation/ajax/subnav-flyout/280-6066651-0896728');

window.$Nav && $Nav.declare('config.recordEvUrl',
  '/gp/navigation/ajax/recordevent.html/280-6066651-0896728');
window.$Nav && $Nav.declare('config.recordEvInterval', 15000);
window.$Nav && $Nav.declare('config.sessionId', '280-6066651-0896728');
window.$Nav && $Nav.declare('config.requestId', '05RJQ27WRTNRY1YBHKCM');

window.$Nav && $Nav.declare('config.alexaListEnabled', false);

window.$Nav && $Nav.declare('config.readyOnATF', false);

window.$Nav && $Nav.declare('config.dynamicMenuArgs',
  {"rid":"05RJQ27WRTNRY1YBHKCM","isPrime":0,"weblabs":"","customerId":0,"sessionId":"280-6066651-0896728","marketplaceId":"A1PA6795UKMFR9","dynamicRequest":1,"primeMenuWidth":310,"isFreshRegionAndCustomer":""});

window.$Nav && $Nav.declare('config.signOutText',
  null);

window.$Nav && $Nav.declare('config.customerName',
  false);

window.$Nav && $Nav.declare('config.yourAccountPrimeURL',
  null);

window.$Nav && $Nav.declare('config.yourAccountPrimeHover',
  true);

window.$Nav && $Nav.declare('config.primeEventLoggingEnabled', true);

window.$Nav && $Nav.declare('config.primeFlyoutProfilingUrl',
    '/gp/prime/navigation/record-prime-menu-event.html/280-6066651-0896728?ie=UTF8&rid=05RJQ27WRTNRY1YBHKCM');

window.$Nav && $Nav.declare('config.searchBackState',
  {});















    if (typeof uet == 'function') {
      uet('bb', 'iss-init-pc', {wb: 1});
    }

    if (!window.$SearchJS && window.$Nav) {
      window.$SearchJS = $Nav.make('sx');
    }

  
  var opts = {
      host: "completion.amazon.co.uk/search/complete"
    , marketId: "4"
    , obfuscatedMarketId: "A1PA6795UKMFR9"
    , searchAliases: ["aps", "stripbooks", "popular", "clothing", "dvd", "instant-video", "prime-instant-video", "shop-instant-video", "dvd-bypost", "electronics", "sports", "videogames", "toys", "jewelry", "watches", "drugstore", "baby", "software", "magazines", "vhs", "automotive", "english-books", "pantry", "photo", "computer", "kitchen", "luggage", "beauty", "outdoor", "diy", "classical", "shoes", "music-song", "mp3-downloads", "prime-digital-music", "digital-music", "digital-music-track", "digital-music-album", "digital-text", "lighting", "office-products", "outlet", "apparel-outlet", "shoes-outlet", "watches-outlet", "jewelry-outlet", "sports-outlet", "grocery", "computers", "pets", "mi", "videogames-tradein", "appliances", "gift-cards", "mobile-apps", "tradein-aps", "audiobooks", "warehouse-deals", "luxury-beauty", "banjo-apps", "industrial", "alcohol"]
    , filterAliases: []
    , isDoCtw: 1
    , pageType: "Detail"
    , requestId: "05RJQ27WRTNRY1YBHKCM"
    , keydownTriggeredWeblabs: []
    , displayTriggeredWeblabs: [      function(data) {
        return data && data.fastlabs ? data.fastlabs : undefined;
      }
]
    , isDdInT3: 0
    , isDdInT1: 0
    , isJpOrCn: 0
    , isUseAuiIss: 1
  };

  var issOpts = {
      fallbackFlag: 1
    , isDigitalFeaturesEnabled: 0
    , isWayfindingEnabled: 0
    , issPrimeEligible: ["prime-digital-music"]
    , dropdown: "select.searchSelect"
    , departmentText: "in {department}"
    , suggestionText: "Suchvorschläge"
    , isTriggerIssOnClick: 0
    , np: 0
    , issCorpus: []
    , cf: 1
  };
  

  if (opts.isUseAuiIss === 1 && window.$Nav) {
    window.$Nav.when('sx.iss').run('iss-mason-init', function(iss){
      var issInitObj = buildIssInitObject(opts, issOpts, true);
      new iss.IssParentCoordinator(issInitObj);

      tryInitClientTriggeredWeblabs(issInitObj);
    });
  } else if (window.$SearchJS) {
    
    var iss;

    // BEGIN Deprecated globals
    var issHost = opts.host
      , issMktid = opts.marketId
      , issSearchAliases = opts.searchAliases
      , updateISSCompletion = function() { iss.updateAutoCompletion(); };
    // END deprecated globals

    
    
    
    $SearchJS.when('jQuery', 'search-js-autocomplete-lib').run('autocomplete-init', initializeAutocomplete);
    $SearchJS.when('canCreateAutocomplete').run('createAutocomplete', createAutocomplete);

    
    if (opts.isDdInT3) {
      $SearchJS.when('search-js-autocomplete').run('autocomplete-dd-init', function(){ mergeBTFDropdown(); });
    }

    if (opts.isDdInT1) {
      $SearchJS.when('search-js-autocomplete').run('autocomplete-dd-init', function(){ searchDropdown(); });
    }

  } // END conditional for window.$SearchJS

  
  
  function initializeAutocomplete(jQuery) {
    
    var issInitObj = buildIssInitObject(opts, issOpts);

    tryInitClientTriggeredWeblabs(issInitObj);
  } // END initializeAutocomplete

  
  
  function tryInitClientTriggeredWeblabs(issInitObj) {
    
    if (opts.isDoCtw) {
      $SearchJS.importEvent('search-csl');
      $SearchJS.when('search-csl').run('autocomplete-csl-init', function delegateToInitSearchCsl(searchCSL) { initSearchCsl( searchCSL, issInitObj ); } );
    } else {
      $SearchJS.declare('canCreateAutocomplete', issInitObj);
    }
  }

  
  
  function initSearchCsl(searchCSL, issInitObject) {
    searchCSL.init(opts.pageType, (window.ue && window.ue.rid) || opts.requestId);

    
    var keydownCtw = opts.keydownTriggeredWeblabs;
    var displayCtw = opts.displayTriggeredWeblabs;

    
    issInitObject.doCTWKeydown = function(e) {
        for (var i = 0; i < keydownCtw.length; i++) {
          searchCSL.addWlt(keydownCtw[i].call ? keydownCtw[i](e) : keydownCtw[i]);
        }
      };

    issInitObject.doCTWDisplay = function(data) {
        for (var i = 0; i < displayCtw.length; i++) {
          searchCSL.addWlt(displayCtw[i].call ? displayCtw[i](data) : displayCtw[i]);
        }
      };

    $SearchJS.declare('canCreateAutocomplete', issInitObject);
  } // END initSearchCsl

  
  
  function createAutocomplete(issObject) {
    iss = new AutoComplete(issObject);

    $SearchJS.publish('search-js-autocomplete', iss);

    logMetrics();
  } // END createAutocomplete

  
  
  function buildIssInitObject(opts, issOpts, isNewIss) {
    var issInitObj = {
        src: opts.host
      , mkt: opts.marketId
      , obfMkt: opts.obfuscatedMarketId
      , aliases: opts.searchAliases
      , fb: issOpts.fallbackFlag
      , isDigitalFeaturesEnabled: issOpts.isDigitalFeaturesEnabled
      , isWayfindingEnabled: issOpts.isWayfindingEnabled
      , issPrimeEligible: issOpts.issPrimeEligible
      , deptText: issOpts.departmentText
      , sugText: issOpts.suggestionText
      , filterAliases: opts.filterAliases
      , cf: issOpts.cf
      , ime: opts.isJpOrCn
      , mktid: opts.marketId
      , qs: opts.isJpOrCn
      , issCorpus: issOpts.issCorpus
      , deepNodeISS: {
          searchAliasAccessor: function($) {
            return (window.SearchPageAccess && window.SearchPageAccess.searchAlias()) ||
                   $('select.searchSelect').children().attr('data-root-alias');
          },
          searchAliasDisplayNameAccessor: function() {
            return (window.SearchPageAccess && window.SearchPageAccess.searchAliasDisplayName());
          }
        }
    };

    // If we aren't using the new ISS then we need to add these properties
    if (!isNewIss) {
      issInitObj.dd = issOpts.dropdown; // The element with id searchDropdownBox doesn't exist in C.
      issInitObj.imeSpacing = issOpts.imeSpacing;
      issInitObj.isNavInline = 1;
      issInitObj.triggerISSOnClick = 0;
      issInitObj.sc = 1;
      issInitObj.np = issOpts.np;
    }

    return issInitObj;
  } // END buildIssInitObject

  
  function logMetrics() {
    if (typeof uet == 'function' && typeof uex == 'function' ) {
      uet('be', 'iss-init-pc', {wb: 1});
      uex('ld', 'iss-init-pc', {wb: 1});
    }
  } // END logMetrics


    window.$Nav && $Nav.declare('nav.inline');

(function (i) {
i.onload = function() {window.uet && uet('ne')};
i.src = window._navbarSpriteUrl;
}(new Image()));

window.$Nav && $Nav.declare('config.autoFocus', false);


window.$Nav && $Nav.declare('config.responsiveTouchAgents', ["ieTouch"]);

window.$Nav && $Nav.declare('config.responsiveGW',false);

window.$Nav && $Nav.declare('config.pageHideEnabled',false);

window.$Nav && $Nav.declare('config.sslTriggerType','');
window.$Nav && $Nav.declare('config.sslTriggerRetry',0);

window.$Nav && $Nav.declare('config.doubleCart',false);


window.$Nav && $Nav.declare('config.fixedBarBeacon',false);

window.$Nav && $Nav.declare('config.signInOverride', true);

window.$Nav && $Nav.declare('config.signInTooltip',true);

window.$Nav && $Nav.declare('config.isPrimeMember',false);

window.$Nav && $Nav.declare('config.fullWidthCoreFlyout', false);

window.$Nav && $Nav.declare('config.isFwfReorderColumnsEnabled', false);

window.$Nav && $Nav.declare('config.flyoutAnimation', false);

window.$Nav && $Nav.declare('config.disableBuyItAgain', false );

window.$Nav && $Nav.declare('config.campusActivation', '');

window.$Nav && $Nav.declare('config.fullWidthPrime', false);


window.$Nav && $Nav.declare('config.primeTooltip',{url:'/gp/prime/digital-adoption/navigation-bar/280-6066651-0896728'});

window.$Nav && $Nav.declare('config.carnac',false);

window.$Nav && $Nav.declare('config.csYourAccount',false);

window.$Nav && $Nav.declare('config.cartFlyoutDisabled', true);

window.$Nav && $Nav.declare('config.navfresh', false);



window.$Nav && $Nav.declare('config.ewc', false);if (window.ue && ue.tag) { ue.tag('noewc'); }

if (window.ue && ue.tag) { ue.tag('navbar'); };

window.$Nav && $Nav.declare('config.blackbelt', true);
window.$Nav && $Nav.declare('config.beaconbelt', true);

window.$Nav && $Nav.declare('config.beaconbeltCover', false);

window.$Nav && $Nav.declare('config.pinnedNav',false);

window.$Nav && $Nav.declare('config.pinnedNavWithEWC',false);

window.$Nav && $Nav.declare('config.pinnedNavStart',700);

window.$Nav && $Nav.declare('config.pinnedNavMinWidth',1000);
window.$Nav && $Nav.declare('config.pinnedNavMinHeight',false);

window.$Nav && $Nav.declare('config.iPadTablet', false);


window.$Nav && $Nav.declare('config.searchapiEndpoint',false);

window.$Nav && $Nav.declare('config.timeline', false);

window.$Nav && $Nav.declare('config.timelineOptimization', false);

window.$Nav && $Nav.declare('config.timelineAsinEnabled', false);

window.$Nav && $Nav.declare('config.timelineDeleteEnabled',false);


    window._navbar = window._navbar || {};
    window._navbar.browsepromos = window._navbar.browsepromos || {};
    
 _navbar.browsepromos['nav-sa-android'] = {"width":519,"promoType":"wide","vertOffset":"-10","tabletAltText":null,"horizOffset":"-20","height":479,"image":"http://g-ecx.images-amazon.com/images/G/03/mas/retail/gateway/flyout/flyout_de_499x469-3267-UG._CB285629139_.png","tabletDestination":null,"tabletImage":null}; 
 _navbar.browsepromos['nav-sa-apparel-shoes-watches'] = {"width":573,"promoType":"wide","vertOffset":"-10","tabletAltText":null,"horizOffset":"-50","height":482,"image":"http://g-ecx.images-amazon.com/images/G/03/AMAZON-FASHION/2016/FASHION/CONTENT/MERCH/MAY/1_HOLIDAY_LIST/MERCH/FLYOUT_DE._CB273681773_.png","tabletDestination":null,"tabletImage":null}; 
 _navbar.browsepromos['nav-sa-auto-bike'] = {"width":540,"promoType":"wide","vertOffset":"-42","tabletAltText":null,"horizOffset":"-36","height":546,"image":"http://g-ecx.images-amazon.com/images/G/03/Automotive/Fly-outs/de_auto_29-04-2016_mayflyout_flyout._CB273774813_.png","tabletDestination":null,"tabletImage":null}; 
 _navbar.browsepromos['nav-sa-books'] = {"width":511,"promoType":"wide","vertOffset":"-25","tabletAltText":null,"horizOffset":"-22","height":477,"image":"http://g-ecx.images-amazon.com/images/G/03/books/flyout/DE_books_Flyout_Foreign_12-5-2016_flyout._CB273073711_.png","tabletDestination":null,"tabletImage":null}; 
 _navbar.browsepromos['nav-sa-cloud-drive'] = {"width":495,"promoType":"wide","vertOffset":"0","tabletAltText":null,"horizOffset":"0","height":427,"image":"http://g-ecx.images-amazon.com/images/G/03/digital/adrive/images/gno/de_cd_filler14_flyout_7._CB349057138_.png","tabletDestination":null,"tabletImage":null}; 
 _navbar.browsepromos['nav-sa-fire-tv'] = {"width":540,"promoType":"wide","vertOffset":"-40","tabletAltText":null,"horizOffset":"-30","height":523,"image":"http://g-ecx.images-amazon.com/images/G/03/kindle/merch/gno/2015/montoya_evergreen_upd2-gno-d-de-540x523._CB291896273_.png","tabletDestination":null,"tabletImage":null}; 
 _navbar.browsepromos['nav-sa-food-beverages-health-beauty'] = {"width":540,"promoType":"wide","vertOffset":"-39","tabletAltText":null,"horizOffset":"-30","height":523,"image":"http://g-ecx.images-amazon.com/images/G/03/hpc/pca/evergreen/43634_DE_PCA_Evergreen_Flyout_4._CB272886273_.png","tabletDestination":null,"tabletImage":null}; 
 _navbar.browsepromos['nav-sa-home-garden-tools'] = {"width":509,"promoType":"wide","vertOffset":"-10","tabletAltText":null,"horizOffset":"-20","height":420,"image":"http://g-ecx.images-amazon.com/images/G/03/kitchen/weisseware/weisseware2016/Samsung/DE_MDA_Samsung-Addwash-Phase-II_2016-04-04_DT-Flyout-DE_489x410_r03._CB275278170_.png","tabletDestination":null,"tabletImage":null}; 
 _navbar.browsepromos['nav-sa-industrial'] = {"width":500,"promoType":"wide","vertOffset":"-10","tabletAltText":null,"horizOffset":"-20","height":472,"image":"http://g-ecx.images-amazon.com/images/G/03/BISS/IMAGES/FLYOUT/DE_BISS_10-08-15_Labware_Flyout._CB293294559_.png","tabletDestination":null,"tabletImage":null}; 
 _navbar.browsepromos['nav-sa-instant-video'] = {"width":521,"promoType":"wide","vertOffset":"-21","tabletAltText":null,"horizOffset":"-21","height":490,"image":"http://g-ecx.images-amazon.com/images/G/03/digital/video/AIV/GNO/BOSCH_S2_DE_Merch_GNOFlyOut_521x490._CB294230803_.png","tabletDestination":null,"tabletImage":null}; 
 _navbar.browsepromos['nav-sa-kindle-fire-tablet'] = {"width":540,"promoType":"wide","vertOffset":"-40","tabletAltText":null,"horizOffset":"-40","height":523,"image":"http://g-ecx.images-amazon.com/images/G/03/kindle/merch/gno/2016/ford-gno-d-2-de-540x523._CB271629969_.png","tabletDestination":null,"tabletImage":null}; 
 _navbar.browsepromos['nav-sa-kindle-reader'] = {"width":540,"promoType":"wide","vertOffset":"-40","tabletAltText":null,"horizOffset":"-40","height":523,"image":"http://g-ecx.images-amazon.com/images/G/03/kindle/merch/gno/2015/km_upd_02-flyout_gno-d-de._CB274033821_.png","tabletDestination":null,"tabletImage":null}; 
 _navbar.browsepromos['nav-sa-mp3'] = {"width":538,"promoType":"wide","vertOffset":"-40,5","tabletAltText":null,"horizOffset":"-39,5","height":508,"image":"http://g-ecx.images-amazon.com/images/G/03/DE-digital-music/knight/newrelease/nonstandard/020516_UdoLindenberg/DE_DM_tt0078755716_5058_GNO_Flyout_DE._CB273125418_.png","tabletDestination":null,"tabletImage":null}; 
 _navbar.browsepromos['nav-sa-music-games-film-tv'] = {"width":480,"promoType":"wide","vertOffset":"-10","tabletAltText":null,"horizOffset":"-8","height":426,"image":"http://g-ecx.images-amazon.com/images/G/03/music/autorip/final/DE_Music_AutoRip_02-03-2016_flyout._CB296020416_.png","tabletDestination":null,"tabletImage":null}; 
 _navbar.browsepromos['nav-sa-sports-outdoors'] = {"width":504,"promoType":"wide","vertOffset":"-12","tabletAltText":null,"horizOffset":"-14","height":481,"image":"http://g-ecx.images-amazon.com/images/G/03/sporting-goods/content/EM2016/41827_EU_Sport_Euro16_GNOFlyout_R1._CB273188713_.png","tabletDestination":null,"tabletImage":null}; 
 _navbar.browsepromos['nav-sa-baby-kids-toys'] = {"width":499,"promoType":"wide","vertOffset":"-10","tabletAltText":null,"horizOffset":"-20","height":449,"image":"http://g-ecx.images-amazon.com/images/G/03/baby/Blogger/placements/amends/DE_Baby_small-amend-Flyout_31-03-16_flyout._CB294419269_.png","tabletDestination":null,"tabletImage":null}; 
 _navbar.browsepromos['nav-sa-electronics-computers'] = {"width":511,"promoType":"wide","vertOffset":"-21","tabletAltText":null,"horizOffset":"-22","height":431,"image":"http://g-ecx.images-amazon.com/images/G/03/electronics/00_Flyout/DE_CE_Graphic-Adaption_8-9-2015_flyout._CB312258393_.png","tabletDestination":null,"tabletImage":null}; 


    window.$Nav && $Nav.declare('config.browsePromos', window._navbar.browsepromos);


window.$Nav && $Nav.declare('config.extendedFlyout', false);


window.$Nav && $Nav.declare('config.orderNotificationEnabled', false);

window.$Nav && $Nav.declare('configComplete');

--></script>




<!--Tilu -->


<!-- EndNav -->

<div id="detail-ilm_div">
</div>


<div id="lpo-top-stripe_div">
</div>


<div id="cp-merchandising-widget_div">
</div>


<div id="rw-swatch-image_div">
</div>


<div id="showing-breadcrumbs_div">













<div id="wayfinding-breadcrumbs_container" class="a-section a-spacing-none a-padding-medium">
<div id="wayfinding-breadcrumbs_feature_div" class="a-subheader a-breadcrumb feature" data-feature-name="wayfinding-breadcrumbs">
    <ul class="a-horizontal a-size-small">
         <li><span class="a-list-item">
            <a class="a-link-normal a-color-tertiary" href="/Lebensmittel-Getr%C3%A4nke/b/ref=dp_bc_1/280-6066651-0896728?ie=UTF8&node=340846031">
                Lebensmittel & Getränke
            </a>
         </span></li>
         <li class="a-breadcrumb-divider"><span class="a-list-item a-color-tertiary">
             &rsaquo;
         </span></li>
         <li><span class="a-list-item">
            <a class="a-link-normal a-color-tertiary" href="/Babynahrung-Kindermilch-Beikost/b/ref=dp_bc_2/280-6066651-0896728?ie=UTF8&node=358555031">
                Babynahrung
            </a>
         </span></li>
         <li class="a-breadcrumb-divider"><span class="a-list-item a-color-tertiary">
             &rsaquo;
         </span></li>
         <li><span class="a-list-item">
            <a class="a-link-normal a-color-tertiary" href="/Milchnahrung-Babys/b/ref=dp_bc_3/280-6066651-0896728?ie=UTF8&node=364603031">
                Milchnahrung
            </a>
         </span></li>
         <li class="a-breadcrumb-divider"><span class="a-list-item a-color-tertiary">
             &rsaquo;
         </span></li>
         <li><span class="a-list-item">
             <a class="a-link-normal a-color-tertiary" href="/Kindermilch/b/ref=dp_bc_4/280-6066651-0896728?ie=UTF8&node=1386609031">
                 Kindermilch
             </a>
         </span></li>
    </ul>
</div>
</div>













</div>

<script type="text/javascript"> 
(typeof setCSMReq === 'function') && setCSMReq("x1");

                if(typeof uet === 'function'){uet('bb', 'udpV3atfwait', {wb: 1});};
</script>


        <div class="a-container" role="main">
            
<script type="text/javascript">
  if (typeof CSMReqs !== 'undefined') {
     if (CSMReqs.hasOwnProperty('af')) {
        CSMReqs.af.c = 1;
     }
     if (CSMReqs.hasOwnProperty('cf')) {
        CSMReqs.cf.c = 1;
     }
  }
</script>

<script type="text/javascript">    if(typeof uet === 'function'){uet('be', 'udpV3atfwait', {wb: 1});};
                if(typeof uex === 'function'){uex('ld', 'udpV3atfwait', {wb: 1});};
</script>





    
































































































































    
        

















  
    
    




<style type="text/css">
    #leftCol {
        width:32.5%;
    }

    .centerColAlign{
        margin-left:34.0%;
    }
</style>




    
     
     
    









    <div id="instantOrderUpdate_feature_div" class="feature" data-feature-name="instantOrderUpdate">




    

    
    
    
        
            
                
	                
	                
	                	




 

	                
                
            
        
        
        
        
        
        
    
    
    

    















    </div>





    
    

    
     
     
    









    <div id="companyCompliancePolicies_feature_div" class="feature" data-feature-name="companyCompliancePolicies">




    

    
    
    
        
            
                
	                
	                
	                	




    


	                
                
            
        
        
        
        
        
        
    
    
    

    















    </div>





    
    
 
<div id="rightCol" class="rightCol">
    
        
        
        
        









    <div id="tellAFriendBox_feature_div" class="feature" data-feature-name="tellAFriendBox">




    

    
    
    
        
            
                
	                
	                
	                	



 





    


<div id="tell-a-friend" data-close="Schließen" data-dest data-title="Diese Artikel empfehlen" class="a-section a-text-center a-spacing-small">
    
    
        
        	
        	
            




<a id="swfMailTo" class="a-link-normal email" title="Per E-Mail teilen" href="mailto:?body=Ich%20m%C3%B6chte%20Dir%20diesen%20Artikel%20bei%20Amazon.de%20empfehlen%0A%0AAptamil%20Kindermilch%201%2B%20ab%201%20Jahr%2C%204er%20Pack%20(4%20x%20600%20g)%0Avon%20Amazon.de%0AWeitere%20Informationen%3A%20http%3A%2F%2Fwww.amazon.de%2Fdp%2FB00BSNACII%2Fref%3Dcm_sw_em_r_mt_dp_iyarxb0RQ7RNY&subject=Ich%20m%C3%B6chte%20Dir%20diesen%20Artikel%20bei%C2%A0Amazon.de%C2%A0empfehlen">Empfehlen</a><span class="a-letter-space"></span>
<a id="swfImageMailTo" class="a-link-normal email" title="Per E-Mail teilen" href="mailto:?body=Ich%20m%C3%B6chte%20Dir%20diesen%20Artikel%20bei%20Amazon.de%20empfehlen%0A%0AAptamil%20Kindermilch%201%2B%20ab%201%20Jahr%2C%204er%20Pack%20(4%20x%20600%20g)%0Avon%20Amazon.de%0AWeitere%20Informationen%3A%20http%3A%2F%2Fwww.amazon.de%2Fdp%2FB00BSNACII%2Fref%3Dcm_sw_em_r_mt_dp_iyarxb0RQ7RNY&subject=Ich%20m%C3%B6chte%20Dir%20diesen%20Artikel%20bei%C2%A0Amazon.de%C2%A0empfehlen"><i class="a-icon a-icon-share-email"></i></a><span class="a-letter-space"></span>

<script type="text/javascript">
P.when('A','ready').execute(function(A){
    var $ = A.$;
    function collectMetrics( placementId ) {
        A.ajax('/gp/aw/social/swf/metrics.html/ref=cm_sw_em_mt_dp_'+ placementId, {
            method: 'post',
            params: {
                id: 'mailtoDp',
                result: 'mailto share triggered'
            }
        });
    }
    $('#swfMailTo,#swfImage').click( function(){
            collectMetrics('dp_iyarxb0RQ7RNY');
    });
});
</script>
        
        
    
    
        
        
            
            
	        <a id="facebook" data-height="400" class="a-link-normal" target="_blank" title="Facebook" href="/gp/redirect.html/ref=cm_sw_cl_fa_dp_iyarxb0RQ7RNY?_encoding=UTF8&amp;location=http%3A%2F%2Fwww.facebook.com%2Fshare.php%3Fu%3Dhttp%253A%252F%252Fwww.amazon.de%252Fdp%252FB00BSNACII%252Fref%253Dcm_sw_r_fa_dp_iyarxb0RQ7RNY&amp;token=6BD0FB927CC51E76FF446584B1040F70EA7E88E1"><i class="a-icon a-icon-share-facebook" aria-label="Facebook"><span class="a-icon-alt">Facebook</span></i></a><span class="a-letter-space"></span>
        
    
        
        
            
            
	        <a id="twitter" data-height="400" class="a-link-normal" target="_blank" title="Twitter" href="/gp/redirect.html/ref=cm_sw_cl_tw_dp_iyarxb0RQ7RNY?_encoding=UTF8&amp;location=http%3A%2F%2Ftwitter.com%2Fintent%2Ftweet%3Foriginal_referer%3Dhttp%25253A%25252F%25252Fwww.amazon.de%25252Fgp%25252Fproduct%25252FB00BSNACII%25252Fref%25253Dcm_sw_r_tw_dp_iyarxb0RQ7RNY%26text%3DAptamil%2520Kindermilch%25201%252B%2520ab%25201%2520Jahr%252C%25204er%2520Pack%2520(4%2520x%2520600%2520g)%2520Aptamil%26related%3Damazondeals%252Camazonmp3%26url%3Dhttp%253A%252F%252Fwww.amazon.de%252Fdp%252FB00BSNACII%252Fref%253Dcm_sw_r_tw_dp_iyarxb0RQ7RNY%26via%3Damazon&amp;token=7A1A4AE8F6CE0BD277D8295E58702D283F329C0F"><i class="a-icon a-icon-share-twitter" aria-label="Twitter"><span class="a-icon-alt">Twitter</span></i></a><span class="a-letter-space"></span>
        
    
        
        
            
            
	        <a id="pinterest" data-height="570" class="a-link-normal" target="_blank" title="Pinterest" href="/gp/redirect.html/ref=cm_sw_cl_pi_dp_iyarxb0RQ7RNY?_encoding=UTF8&amp;location=http%3A%2F%2Fpinterest.com%2Fpin%2Fcreate%2Fbutton%3Furl%3Dhttp%253A%252F%252Fwww.amazon.de%252Fdp%252FB00BSNACII%252Fref%253Dcm_sw_r_pi_dp_iyarxb0RQ7RNY%26title%3DAptamil%2520Kindermilch%25201%252B%2520ab%25201%2520Jahr%252C%25204er%2520Pack%2520(4%2520x%2520600%2520g)%2520Ap...%26description%3DAptamil%2520Kindermilch%25201%252B%2520ab%25201%2520Jahr%252C%25204er%2520Pack%2520(4%2520x%2520600%2520g)%2520Ap...%2520http%253A%252F%252Fwww.amazon.de%252Fdp%252FB00BSNACII%252Fref%253Dcm_sw_r_pi_dp_iyarxb0RQ7RNY%26media%3Dhttp%253A%252F%252Fecx.images-amazon.com%252Fimages%252FI%252F51Lfv-i-z6L.jpg&amp;token=9F58B366258E1A8B5259E9BEF3482E02341F42D3"><i class="a-icon a-icon-share-pinterest" aria-label="Pinterest"><span class="a-icon-alt">Pinterest</span></i></a><span class="a-letter-space"></span>
        
    
    
     

</div>

<script type="text/javascript">
P.when("A","jQuery").execute(function(A,$) {
  var taf = $("#tell-a-friend");
  taf.children("[data-height]").click(function() {
        var height = $(this).attr("data-height");
        window.open(this.href, "_blank", "location=yes,width=700,height=" + height);
        return false;
  });

  A.on.load(function () {
    var hashValue = window.location.hash;
    var hashIndex;
    var swfHashValue = "_swftext_Swf";
    hashIndex = hashValue.indexOf(swfHashValue);
    if (hashValue != "" &&  hashIndex > -1) {
      $("#swfText").click();
      window.location.hash = window.location.hash.replace(swfHashValue, "");
    }
 });
});

</script>


	                
                
            
        
        
        
        
        
        
    
    
    

    















    </div>





        
        
    
        
        
        
        






        
        
    
        
        
        
        






        
        
    
        
        
        
        






        
        
    
        
        
        
        






        
        
    
        
        
        
        






        
        
    
        
        
        
        









    <div id="buybox_feature_div" class="feature" data-feature-name="buybox">




    

    
    
    
        
            
                
	                
	                
	                	


















    
    
    





















<div id="buybox" data-isPartialSizeWeblab="false" class="a-section a-spacing-medium">
    
    
     

    
    

    
    

    
    

    
    

    
    
    
    
    
    
    
      <form method="post" id="addToCart" action="/gp/product/handle-buy-box/ref=dp_start-bbf_1_glance" class="a-content">
        <input type="hidden" id="session-id" name="session-id" value="280-6066651-0896728">
        <input type="hidden" id="ASIN" name="ASIN" value="B00BSNACII">
        <input type="hidden" id="offerListingID" name="offerListingID" value="UPD%2BqTfllelo04vv2N51I5nTmYETXUR0uvuHeuZf1Lo81CoBtWHYZKxUy5jz%2F7%2FzMcOfAsDNQ3oigaAxleFF5nDmoXyLU9PGr1CZPHjEU5s%3D">
        <input type="hidden" id="isMerchantExclusive" name="isMerchantExclusive" value="1">
        <input type="hidden" id="merchantID" name="merchantID" value="A3JWKAKR8XB7XF">
        <input type="hidden" id="isAddon" name="isAddon" value="0">
        <input type="hidden" id="nodeID" name="nodeID" value="340846031">
        <input type="hidden" id="sellingCustomerID" name="sellingCustomerID" value="A3JWKAKR8XB7XF">
        <input type="hidden" id="qid" name="qid" value="">
        <input type="hidden" id="sr" name="sr" value="">
        <input type="hidden" id="storeID" name="storeID" value="grocery">
        <input type="hidden" id="tagActionCode" name="tagActionCode" value="340846031">
        <input type="hidden" id="viewID" name="viewID" value="glance">
        




        
        
            
            






        

        
        

        
        

        
        <input type="hidden" id="rsid" name="rsid" value="280-6066651-0896728">
        <input type="hidden" id="sourceCustomerOrgListID" name="sourceCustomerOrgListID" value="">
        <input type="hidden" id="sourceCustomerOrgListItemID" name="sourceCustomerOrgListItemID" value="">
        <input type="hidden" name="wlPopCommand" value="">
        
        

        
        
        

        
        

        
            
            

                
            

            
            

            
            

            
            

            
            

            
            

            
            
                

                    
                    

                    

                    

                    
                    

                    
                    

                    
                    
                        
                            
                            
                                    <div class="a-box"><div class="a-box-inner a-padding-base">
                                        

















    


<div class="a-section a-spacing-none a-padding-none">

    
        



    

    
    
    
    
        
        



    
        
        
        
            



<style type="text/css">
#bbop-sbbop-container {
  margin-bottom: 0px;
}
</style>


<div id="bbop-sbbop-container" class="a-section">
    
        
        <div id="sbbop-popover-header" class="a-section a-hidden">
            <div class="a-box a-alert-inline a-alert-inline-success">
                <div class="a-box-inner a-alert-container">
                    <i class="a-icon a-icon-alert"></i>
                    <div class="a-color-base">
                        Aptamil+Kindermilch+1++ab...
                        <product name> ist in Ihrem Einkaufwagen hinzugefügt worden 
                    </div>
                </div>
            </div>
        </div>
    
</div>

<script type="text/javascript">


if( window.P ){
    P.when("A").execute(function(A) {

        
        if (window.sbbopLoaded === undefined) {
            window.sbbopLoaded = false;
        }
        

        function getQueryParameterByName(name) {
            name = name.replace(/[\[]/, "\\[").replace(/[\]]/, "\\]");

            var regex = new RegExp("[\\?&]" + name + "=([^&#]*)"),
                results = regex.exec(location.search);

            return results == null ? "" : decodeURIComponent(results[1].replace(/\+/g, " "));
        }

        
        var hidden, visibilityChange;
        if (typeof document.hidden !== "undefined") { 
            hidden = "hidden";
            visibilityChange = "visibilitychange";
        } else if (typeof document.mozHidden !== "undefined") {
            hidden = "mozHidden";
            visibilityChange = "mozvisibilitychange";
        } else if (typeof document.msHidden !== "undefined") {
            hidden = "msHidden";
            visibilityChange = "msvisibilitychange";
        } else if (typeof document.webkitHidden !== "undefined") {
            hidden = "webkitHidden";
            visibilityChange = "webkitvisibilitychange";
        }

        
        var loadFeatures = function() {
            

            
            var $ = A.$,
                $container = $("#bbop-sbbop-container");

            var data = {
                "ASIN" : "B00BSNACII",
                "merchantID" : "A3JWKAKR8XB7XF",
                "bbopruleID" : "Mom_AddToCart_PrimeMomFreeTrialUpsellEligible",
                "sbbopruleID" : "Mom_AddToCart_PrimeMomFreeTrialUpsellEligible",
                "deliveryOptions" : "[premium-de,std-de-dom-dp]",
                "preorder" : "false",
                "releaseDateDeliveryEligible" : "false"
            };

            
            $.get("/gp/product/du/bbop-ms3-ajax-endpoint.html", data, function(result) {
                
                    
                    
                        $container.append(result);
                    
                

                
                
                

                if (getQueryParameterByName("checkBBOP") === "true") {
                    P.when("a-modal", "ready").execute(function(modal) {
                      $('#bbop-check-box').click();
                    });
                }

                
                loadSBBOP();
                
            });

            
            var loadSBBOP = function(){
                P.when("a-modal", "ready").execute(function(modal) {
                    if(!window.sbbopLoaded){
                        var sbbop_modal = createModal(modal);

                        if (sbbop_modal !== undefined) {
                            $(document.body).delegate('#add-to-cart-button','click.sbbop', function(event){
                                $(document.body).undelegate('#add-to-cart-button','click.sbbop');

                                var $sbbop = $("#sbbop-container"),
                                    $sbbopContent = $sbbop.find("#sbbop-popover-content"),
                                    $sbbopHeader = $container.find("#sbbop-popover-header"),
                                    $sbbopFooter = $sbbop.find("#sbbop-popover-footer"),
                                    isAsinizationCase = $sbbop.find(".is-sbbop-asinization-usecase").length > 0,
                                    $bbopCheckbox = $('#bbop-check-box'),
                                    $atcButton = $('#add-to-cart-button'),
                                    atcName = $atcButton.attr("name"),
                                    hasSingleYesButton = ($('#sbbop-yes-button').length === 1),
                                    hasSingleNoButton  = ($('#sbbop-no-button').length === 1),
                                    validAtcButton = ($atcButton.length === 1 && atcName != "submit.add-to-cart-prime-buy-box.x"),
                                    validSbbopContent = ($sbbopContent.length === 1 && $sbbopHeader.length === 1 && $sbbopFooter.length === 1),
                                    validSbbopButtons = (hasSingleYesButton && hasSingleNoButton),
                                    bbopIsNotChecked = !$bbopCheckbox.is(":checked");

                                if (validAtcButton && validSbbopContent && validSbbopButtons && bbopIsNotChecked) {
                                    $atcButton.bind('click.sbbop', function(){return false;});  
                                    $(document.body).delegate("#sbbop-yes-button", "click", function(event){
                                        if(isAsinizationCase){
                                            $bbopCheckbox.prop("checked",true);
                                            logMetric("CSM_prime_surprise_BBOP_yes_button_HO");
                                        }
                                        else {
                                            $atcButton.attr("name", "submit.add-to-cart-prime-buy-box.x");
                                            logMetric("CSM_prime_surprise_BBOP_yes_button");
                                        }
                                        safeATCClick();
                                    });

                                    $(document.body).delegate("#sbbop-no-button", "click", function(event){
                                        if(isAsinizationCase) {
                                            logMetric("CSM_prime_surprise_BBOP_no_button_HO");
                                        }
                                        else {
                                            logMetric("CSM_prime_surprise_BBOP_no_button");
                                        }
                                        safeATCClick();
                                    });

                                    
                                    $(document.body).delegate(".a-popover", "keydown", function(event){
                                        if(event.keyCode == "27"){
                                            event.preventDefault();
                                        }
                                    });

                                    A.on("a:popover:ajaxFail:sbbop_modal", safeATCClick);
                                    A.on("a:popover:hide:sbbop_modal", function(){
                                        if(isAsinizationCase) {
                                            logMetric("CSM_prime_surprise_BBOP_close_button_HO");
                                        }
                                        else {
                                            logMetric("CSM_prime_surprise_BBOP_close_button");
                                        }
                                        safeATCClick();
                                    });
                                    A.on("a:popover:beforeShow:sbbop_modal", function(){
                                            setEventEmbu();
                                    });

                                    sbbop_modal.show();
                                    if(isAsinizationCase) {
                                        logMetric("CSM_prime_surprise_BBOP_presentation_HO");
                                    }
                                    else {
                                        logMetric("CSM_prime_surprise_BBOP_presentation");
                                    }
                                    return false;
                                } 
                            });
                        }
                        window.sbbopLoaded = true;
                    }
                });
            };

            var createModal = function(modal) {
                var $sbbop = $("#sbbop-container"),
                    $sbbopContent = $sbbop.find("#sbbop-popover-content"),
                    $sbbopHeader = $container.find("#sbbop-popover-header"),
                    $sbbopFooter = $sbbop.find("#sbbop-popover-footer");

                if($sbbopContent.length === 1 && $sbbopHeader.length === 1 && $sbbopFooter.length === 1){ 
                    sbbopWidth = parseInt(($sbbop.find("#sbbop-popover")).attr("popover-width"), 10);

                    return modal.create($sbbop, {
                        "inlineContent": $sbbopContent.html(),
                        "header": $sbbopHeader.html(),
                        "footer": $sbbopFooter.html(),
                        "width": sbbopWidth,
                        "activate": "onclick",
                        "name": "sbbop_modal"
                    });
                }
                return undefined;
            }

            var logMetric = function(customTag){
                if(window.ue && ue.tag) {
                    ue.tag(customTag, "surpriseBBOP")
                }
            };

            var postBackMetrics = function(){
                if (window.ue){
                    uex("ld", "surpriseBBOP");
                }
            };

            var setEventEmbu = function(){
                var eventData = { "eventCode" : "106" };
                $.get("/gp/prime/utility/record-embu-event.html", eventData);
            };

            var safeATCClick = function() {
                postBackMetrics();                                 
                $('#add-to-cart-button').unbind('click.sbbop')     
                    .click()                                       
                    .bind('click.sbbop',function(){return false}); 
            };
            
            
        }

        
        var handleVisibilityChange = function() {
            if (!document[hidden]) {
                
                document.removeEventListener(visibilityChange, handleVisibilityChange);
                loadFeatures();
            }
        }

        if (typeof document.addEventListener === "undefined" ||
            typeof document[hidden] === "undefined" || !document[hidden]) {
            
            loadFeatures();
        } else {
            
            document.addEventListener(visibilityChange, handleVisibilityChange);
        }
    });
}
</script>

        
    


    
    
    
    
         

            
    
    
    
    
    
    
        
            





        
    
    
    
    

    
    



	

    
    




    
        
        




    

    
    




    
    

    
    














    
    
    







<div class="a-button-stack">
    <span id="submit.add-to-cart" class="a-button a-spacing-small a-button-primary a-button-icon"><span class="a-button-inner"><i class="a-icon a-icon-cart"></i><input id="add-to-cart-button" name="submit.add-to-cart" title="In den Einkaufswagen" data-hover="Wählen Sie &lt;b&gt;__dims__&lt;/b&gt; auf der linken Seite&lt;br&gt; zum Hinzufügen zum Einkaufswagen" class="a-button-input" type="submit" value="In den Einkaufswagen" aria-labelledby="submit.add-to-cart-announce"><span id="submit.add-to-cart-announce" class="a-button-text" aria-hidden="true">In den Einkaufswagen</span></span></span>
</div>


     
    
    

    
    








    
    
        









<div id="OneClickBox" class="a-button-stack">
        
        
        
        
        
        
            <div id="oneClickSignIn" class="a-section a-spacing-mini a-text-center">
                



<hr class="a-divider-normal">

<a class='oneClickSignInLink' href='/gp/product/utility/edit-one-click-pref.html/ref=dp_oc_signin?ie=UTF8&amp;query=&amp;returnPath=%2Fgp%2Fproduct%2FB00BSNACII'>
    <span class="a-size-mini">1-Click-Bestellungen aktivieren</span>
</a>

                
                    
                    
                
            </div>
        
        
        
        
    
</div>

    

    
    
    
    
    
    
    
        

 

        <div id="unifiedLocation_feature_div" data-feature-name="unifiedLocation" data-template-name="unifiedLocation" class="a-section feature unifiedLocationMarginBottomClass">
              








    
    
    
        <script type="text/javascript">
            P.now("LOCUX_DETALPAGE_51079_T1").execute(function(LOCUX_DETALPAGE_51079_T1) {
                if (!LOCUX_DETALPAGE_51079_T1) {
                    P.declare("LOCUX_DETALPAGE_51079_T1", {});
                }
            });
        </script>
    
    
    

    
        
        
            










    <div class="a-section a-spacing-none">
        
            <hr class="a-divider-normal">
        
        <div class="a-section a-spacing-mini">
                <span class="a-text-bold">
                    Lieferort:
                </span>
            </div>
            
            <div class="a-section a-spacing-none">
                <span class="a-declarative" data-action="a-popover" data-a-popover="{&quot;closeButton&quot;:&quot;false&quot;,&quot;name&quot;:&quot;LUXAddressSelector&quot;,&quot;activate&quot;:&quot;onclick&quot;}">
                    <a href="javascript:void(0)" class="a-popover-trigger a-declarative">
                        <span class="a-color-base lux-location-label">
                            Wählen Sie eine Lieferadresse:
                        </span>
                    <i class="a-icon a-icon-popover"></i></a>
                </span>
            </div>
        
    

    
    
        
        

        <div class="a-popover-preload" id="a-popover-LUXAddressSelector">
            <!-- Section to show to unrecognized customers (instead of address selector) -->
            
                <div id="unifiedLocationTitleNoAddress" class="a-section a-spacing-small a-spacing-top-small a-text-center">
                    <span class="a-text-bold">
                        Um Adressen zu sehen, bitte
                    </span>
                    <br>
                    <span id="unifiedLocationSignIn" class="a-button a-spacing-top-base a-button-primary"><span class="a-button-inner"><input class="a-button-input" type="submit" aria-labelledby="unifiedLocationSignIn-announce"><span id="unifiedLocationSignIn-announce" class="a-button-text" aria-hidden="true">
                        Anmelden
                    </span></span></span>
                </div>
            
            <!-- Place holder for anchoring the address selector -->
            <div id="lux-address-selector-anchor" class="a-section a-spacing-none"></div>
            <div class="a-section a-spacing-none lux-address-selector-divider">
                
            </div>
            
                <div id="unifiedLocationAddrInputDiv" class="a-section a-spacing-none">
                    <div class="a-divider a-divider-break lux-zip-selector-divider"><h5>Oder</h5></div>
                    <label class="a-text-bold">
                        Diesen Ort verwenden:
                    </label>
                    <div class="a-row a-spacing-top-micro" role="form">
                        <div class="a-column a-span7" role="form">
                            
                            <input type="text" maxlength="5" id="unifiedLocationAddrInput" placeholder="Deutsche PLZ eingeben" class="a-input-text a-span12">
                        </div>
                        <div class="a-column a-span5 a-span-last" role="button">
                            <span id="unifiedLocationAddrUpdate" class="a-button a-button-span12"><span class="a-button-inner"><input class="a-button-input" type="submit" aria-labelledby="unifiedLocationAddrUpdate-announce"><span id="unifiedLocationAddrUpdate-announce" class="a-button-text" aria-hidden="true">
                                Aktualisieren
                            </span></span></span>
                        </div>
                    </div>
                    <div id="unifiedLocationInvalidInputAlert" class="a-row a-spacing-top-small aok-hidden">
                            <span class="a-color-error">
                                Bitte tragen Sie eine deutsche PLZ ein.
                            </span>
                    </div>
                    <div id="LUXInvalidZipCodeAlert" class="a-row a-spacing-top-small aok-hidden" role="alert">
                        <div class="a-box a-alert-inline a-alert-inline-error a-spacing-none"><div class="a-box-inner a-alert-container"><i class="a-icon a-icon-alert"></i><div class="a-alert-content">
                            Bitte tragen Sie eine deutsche PLZ ein.
                        </div></div></div>
                    </div>
                    <div id="LUXMilitaryZipCodeAlert" class="a-row a-spacing-top-small aok-hidden" role="alert">
                        <div class="a-box a-alert-inline a-alert-inline-info a-spacing-none"><div class="a-box-inner a-alert-container"><i class="a-icon a-icon-alert"></i><div class="a-alert-content">
                            
                        </div></div></div>
                    </div>
                </div>
            
            
                <div class="a-divider a-divider-break a-spacing-base a-spacing-top-base lux-country-selector-divider"><h5>Oder</h5></div>
                <div id="unifiedLocationCountrySelectionDiv" class="a-row a-spacing-none a-spacing-top-small">
                </div>
            
        </div>

        <script type="text/javascript">
            var shouldPopulateCountrySelector = true;
            P.now("LOCUX_DETAILPAGE_68144_T1").execute(function(LOCUX_DETAILPAGE_68144_T1) {
                if(LOCUX_DETAILPAGE_68144_T1) {
                    shouldPopulateCountrySelector = true;
                }
            });

            P.now("LUXContext").execute(function(LUXContext) {
                if (!LUXContext) {
                    P.declare("LUXContext", {
                        isRecognizedCustomer: false,
                        deviceType: "web",
                        isOneClick: false,
                        clientPage: "DPX",
                        shouldPopulateCountrySelector: shouldPopulateCountrySelector
                    });
                }
            });

            P.when("LUXController").execute(function(LUXController) {
                LUXController.init({
                    addressLabel : "",
                    addressId    : "",
                    obfuscatedId : "",
                    countryCode  : "DE",
                    zipCode      : "34117",
                    state        : "Hessen",
                    city         : "Kassel",
                    district     : "",
                    locationType : "REALM_DEFAULT"
                });
            });
        </script>
    </div>
    


        
    
    




    
    
    

    
    
        



    
    

    <script type="text/javascript">
    P.now("LUXDPOnly").execute(function(DP) {
        DP || P.declare("LUXDPOnly", {});
    });
    P.when("LUXDPRefreshController").execute(function(Controller) {
        Controller.init({
            asin : "B00BSNACII",
            merchantId : "A3JWKAKR8XB7XF",
            deviceType : "web",
            smid : "",
            exMerchId : "A3JWKAKR8XB7XF",
            wdg: "grocery_display_on_website",
            oneClick : false,
            addressId : "",
            obfuscatedId : "",
            city : "Kassel",
            state : "Hessen",
            countryCode : "DE",
            zipCode : "34117",
            district : "",
            useTwisterRefresh : "",
            updateAddressForNon1Click : "",
            relatedRequestId : "05RJQ27WRTNRY1YBHKCM"
        });
    });
    </script>


    


        </div>


    

</div>

                                        
                                            





























    


















    <hr class="a-spacing-base a-divider-normal">












    
        
    





  <div id="wishlistButtonStack" class="a-button-stack">
      
      
      
          
          
          
          
          
          
          
          
          <div id="add-to-wishlist-button-group" data-hover="&lt;!-- If PartialItemStateWeblab is true then, showing different Add-to-wish-list tool-tip message which is consistent with Add-to-Cart tool tip message.  --&gt;
    
        
        
            Auf die Liste? Bitte wählen Sie aus dem Sortiment links." class="a-button-group a-declarative a-spacing-none" data-action="a-button-group" role="radiogroup">
                  <span id="wishListMainButton" class="a-button a-button-group-first a-spacing-none"><span class="a-button-inner"><input id="add-to-wishlist-button-submit" name="submit.add-to-registry.wishlist" title="Auf die Liste" data-action="atwl-splitbutton-main" data-hover="&lt;!-- If PartialItemStateWeblab is true then, showing different Add-to-wish-list tool-tip message which is consistent with Add-to-Cart tool tip message.  --&gt;
    
        
        
            Auf die Liste? Bitte wählen Sie aus dem Sortiment links." class="a-button-input a-declarative" type="submit" aria-labelledby="wishListMainButton-announce"><span id="wishListMainButton-announce" class="a-button-text a-text-left" aria-hidden="true">
                      Auf die Liste
                      
                  </span></span></span>
                  
          </div>
          <div id="atwl-dd-spinner-holder" class="a-section a-hidden">
              <div class="a-row a-dropdown">
                  <div class="a-section a-popover-wrapper">
                      <div class="a-section a-text-center a-popover-inner">
                          <div class="a-box a-popover-loading"><div class="a-box-inner">
                          </div></div>
                      </div>
                  </div>
              </div>
          </div>
          <div id="atwl-dd-error-holder" class="a-section a-hidden">
              <div class="a-section a-dropdown">
                  <div class="a-section a-popover-wrapper">
                      <div class="a-section a-spacing-base a-padding-base a-text-left a-popover-inner">
                          <h3 class="a-color-error">
                              
                          </h3>
                          <span>
                              
                          </span>
                      </div>
                  </div>
              </div>
          </div>
          <div id="atwl-dd-unavail-holder" class="a-section a-hidden">
              <div class="a-section a-dropdown">
                  <div class="a-section a-popover-wrapper">
                      <div class="a-section a-spacing-base a-padding-base a-text-left a-popover-inner">
                          <h3 class="a-color-error">
                              
                          </h3>
                          <span>
                              
                          </span>
                      </div>
                  </div>
              </div>
          </div>
      
      <script type="a-state" data-a-state="{&quot;key&quot;:&quot;atwl&quot;}">{"hzPopover":false,"wishlistButtonId":"add-to-wishlist-button","dropDownHtml":"","wishlistButtonSubmitId":"add-to-wishlist-button-submit","maxAjaxFailureCount":"3","asin":"B00BSNACII"}</script>
      






















<script type="a-state" data-a-state="{&quot;key&quot;:&quot;jumpstart-success-modal-state&quot;}">{"showDPHeadJavaScript":false,"showBabyRegSuccessModal":false,"addSuccessModalHeader":"","hasBabyReg":false}</script>

<input type="hidden" name="" value="true" id="is-fully-selected-baby-reg">




  </div>













<script type="a-state" data-a-state="{&quot;key&quot;:&quot;popoverState&quot;}">{"formId":"addToCart","showWishListDropDown":true,"babyRegistryId":"add-to-registry-baby-button","showBabyRegDropdown":false,"wishlistPopoverWidth":206,"isAddToWishListDropDownAuiEnabled":true,"showPopover":false,"isBabyRegistryBrowseScriptDeprecated":false}</script>

                                        
                                    </div></div>
                            
                        
                    
                
                
            
        
    </form>
    
    
</div>

	                
                
            
        
        
        
        
        
        
    
    
    
        
    

    















    </div>





        
        
    
        
        
        
        






        
        
    
        
        
        
        






        
        
    
        
        
        
        






        
        
    
        
        
        
        






        
        
    
        
        
        
        






        
        
    
        
        
        
        






        
        
    
        
        
        
        






        
        
    
        
        
        
        









    <div id="moreBuyingChoices_feature_div" class="feature" data-feature-name="moreBuyingChoices">




    

    
    
    
        
            
                
	                
	                
	                	















    
    
        
    
























<!-- First fetch if the fmaFallback is true -->

<!-- If fma fall back is true, lets filter the offers with the buyboxMerchantId -->
















    
    
    
      <div class="a-section a-spacing-medium">
        <div id="mbc-action-panel-wrapper" style="">
            
            
            
            
            
                <div id="mbc" data-asin="B00BSNACII" data-brand="Aptamil" data-product-group="grocery_display_on_website" data-timeout="Leider ist ein Problem aufgetreten." class="a-box-group">
                
                    
                    
                        <div class="a-box a-text-center"><div class="a-box-inner a-padding-small">
                            
                                
                            
                            <h5>
                                
                                <span>Andere Verkäufer auf Amazon</span>
                            </h5>
                        </div></div>
                    
                
                
                
                    
                        <script type="text/javascript">
                            var MBCFeatureScope = "mbcUI";
                            if (typeof uet == 'function') {
                                uet('bb', MBCFeatureScope, {wb: 1});  //timestamp body-begin
                            }
                        </script>
                        <!-- Use fmaFallbackFilteredOffers if the fallback is true. Otherwise use the regular qualifiedOfferslist -->
                        
                            <div class="a-box mbc-offer-row pa_mbc_on_amazon_offer"><div class="a-box-inner a-padding-small">
                                
                                    
                                
                                
                                    
                                    
                                    
                                        
                                    
                                
                                
                                        
                                        
                                        
                                            <span class="a-button a-button-primary a-button-small a-float-right"><span class="a-button-inner"><a href="/gp/item-dispatch/ref=dp_ebb_1?ie=UTF8&amp;registryItemID.1=&amp;submit.addToCart=addToCart&amp;registryID.1=&amp;offeringID.1=79cu2clKPpNjlFzbFLwuZUCqFo4QN0Nih39Yz%252BitN1Uh4PiygQcueimcitLh542PLKUTCNltm9BiVdgV8%252BUUuzMOOgYeow5vgMFvIgAi5pm3VXH6ixdt7yVreMeBngT60Z08YRkc5EpWHSwFQH8wig%253D%253D&amp;storeID=grocery&amp;nodeID=340846031&amp;signInToHUC=0&amp;session-id=280-6066651-0896728&amp;itemCount=1" class="a-button-text" role="button">In den Einkaufswagen</a></span></span>
                                        
                                
                                
                                    
                                        <span class="a-declarative" data-action="a-popover" data-a-popover="{&quot;cache&quot;:&quot;true&quot;,&quot;closeButton&quot;:&quot;false&quot;,&quot;name&quot;:&quot;abigarrado - Preise inkl. MwSt.&quot;,&quot;width&quot;:&quot;280&quot;,&quot;header&quot;:&quot;&quot;,&quot;position&quot;:&quot;triggerLeft&quot;,&quot;scrollable&quot;:&quot;false&quot;,&quot;url&quot;:&quot;/gp/product/du/mbc-seller-information.html/ref=dp_mbc_info_0?c=new&amp;a=B00BSNACII&amp;me=A2CIM61MXS3RON&amp;brand=Aptamil&amp;productGroupID=grocery_display_on_website&amp;isUDP=1&amp;isAGS=0&quot;}">
                                            




<div class="a-row">
    
        
        
            <div class="a-section a-spacing-none">
                <span class="a-size-medium a-color-price">
                    EUR 49,90
                </span>
                
                    <span class="a-size-small a-color-price">
                        (EUR 20,79 /  kg)
                    </span>
                
                






                <br>
                
                
                
                    <span class="a-size-small a-color-secondary">+&nbsp;GRATIS Lieferung innerhalb Deutschlands</span>
                
                
                
            </div>
        
    
    <div class="a-section a-spacing-none">
        <span class="a-size-small a-color-secondary">
            Verkauft von:
        </span>
        <span class="a-size-small mbcMerchantName">
            abigarrado - Preise inkl. MwSt.
        </span>
        
    </div>
</div>

                                        </span>
                                    
                                    
                                
                            </div></div>
                        
                            <div class="a-box mbc-offer-row pa_mbc_on_amazon_offer"><div class="a-box-inner a-padding-small">
                                
                                    
                                
                                
                                    
                                    
                                    
                                        
                                    
                                
                                
                                        
                                        
                                        
                                            <span class="a-button a-button-primary a-button-small a-float-right"><span class="a-button-inner"><a href="/gp/item-dispatch/ref=dp_ebb_2?ie=UTF8&amp;registryItemID.1=&amp;submit.addToCart=addToCart&amp;registryID.1=&amp;offeringID.1=79cu2clKPpNjlFzbFLwuZUCqFo4QN0NifFId4hJmi7EJUc19lckDCdxNrDZ70H1LEVKbb6wlKdObiod%252Bs95FW%252BrgmNQPUL%252Ft4lio3tKrMhJSDko%252BQ2%252Fc99dmlmNqS2%252FS%252BtSy%252BvDYv9k8BK3TvG3GhA%253D%253D&amp;storeID=grocery&amp;nodeID=340846031&amp;signInToHUC=0&amp;session-id=280-6066651-0896728&amp;itemCount=1" class="a-button-text" role="button">In den Einkaufswagen</a></span></span>
                                        
                                
                                
                                    
                                        <span class="a-declarative" data-action="a-popover" data-a-popover="{&quot;cache&quot;:&quot;true&quot;,&quot;closeButton&quot;:&quot;false&quot;,&quot;name&quot;:&quot;Foodstore (Preise inkl. MwSt zzgl. Versand)&quot;,&quot;width&quot;:&quot;280&quot;,&quot;header&quot;:&quot;&quot;,&quot;position&quot;:&quot;triggerLeft&quot;,&quot;scrollable&quot;:&quot;false&quot;,&quot;url&quot;:&quot;/gp/product/du/mbc-seller-information.html/ref=dp_mbc_info_1?c=new&amp;a=B00BSNACII&amp;me=A1NXDFOPC4W99L&amp;brand=Aptamil&amp;productGroupID=grocery_display_on_website&amp;isUDP=1&amp;isAGS=0&quot;}">
                                            




<div class="a-row">
    
        
        
            <div class="a-section a-spacing-none">
                <span class="a-size-medium a-color-price">
                    EUR 53,31
                </span>
                
                    <span class="a-size-small a-color-price">
                        (EUR 22,21 /  kg)
                    </span>
                
                






                <br>
                
                
                
                    <span class="a-size-small a-color-secondary">+ EUR 2,90 Versandkosten</span>
                
                
                
            </div>
        
    
    <div class="a-section a-spacing-none">
        <span class="a-size-small a-color-secondary">
            Verkauft von:
        </span>
        <span class="a-size-small mbcMerchantName">
            Foodstore (Preise inkl. MwSt zzgl. Versand)
        </span>
        
    </div>
</div>

                                        </span>
                                    
                                    
                                
                            </div></div>
                        
                            <div class="a-box mbc-offer-row pa_mbc_on_amazon_offer"><div class="a-box-inner a-padding-small">
                                
                                    
                                
                                
                                    
                                    
                                    
                                        
                                    
                                
                                
                                        
                                        
                                        
                                            <span class="a-button a-button-primary a-button-small a-float-right"><span class="a-button-inner"><a href="/gp/item-dispatch/ref=dp_ebb_3?ie=UTF8&amp;registryItemID.1=&amp;submit.addToCart=addToCart&amp;registryID.1=&amp;offeringID.1=79cu2clKPpNjlFzbFLwuZUCqFo4QN0NiNzbteHO5s2sSjMWD93xqR8xx12KAkeUEMyRVh5aWIk2e5GF%252B78gmqrkpTdnBPQFvFMpqQgEWVXr%252BBkz7sC7SeCY4A87Yol1rYaOzSW9NgwjS%252FS0VqCS7GZ8fEEcZ7g5v&amp;storeID=grocery&amp;nodeID=340846031&amp;signInToHUC=0&amp;session-id=280-6066651-0896728&amp;itemCount=1" class="a-button-text" role="button">In den Einkaufswagen</a></span></span>
                                        
                                
                                
                                    
                                        <span class="a-declarative" data-action="a-popover" data-a-popover="{&quot;cache&quot;:&quot;true&quot;,&quot;closeButton&quot;:&quot;false&quot;,&quot;name&quot;:&quot;schafi-shop&quot;,&quot;width&quot;:&quot;280&quot;,&quot;header&quot;:&quot;&quot;,&quot;position&quot;:&quot;triggerLeft&quot;,&quot;scrollable&quot;:&quot;false&quot;,&quot;url&quot;:&quot;/gp/product/du/mbc-seller-information.html/ref=dp_mbc_info_2?c=new&amp;a=B00BSNACII&amp;me=A1OZXNKKEHA7LD&amp;brand=Aptamil&amp;productGroupID=grocery_display_on_website&amp;isUDP=1&amp;isAGS=0&quot;}">
                                            




<div class="a-row">
    
        
        
            <div class="a-section a-spacing-none">
                <span class="a-size-medium a-color-price">
                    EUR 51,82
                </span>
                
                    <span class="a-size-small a-color-price">
                        (EUR 21,59 /  kg)
                    </span>
                
                






                <br>
                
                
                
                    <span class="a-size-small a-color-secondary">+ EUR 4,40 Versandkosten</span>
                
                
                
            </div>
        
    
    <div class="a-section a-spacing-none">
        <span class="a-size-small a-color-secondary">
            Verkauft von:
        </span>
        <span class="a-size-small mbcMerchantName">
            schafi-shop
        </span>
        
    </div>
</div>

                                        </span>
                                    
                                    
                                
                            </div></div>
                        
                        <script type="text/javascript">
                            if (typeof uet == 'function') {
                                uet('be', MBCFeatureScope, {wb: 1});  //timestamp body-end
                            }
                            if (typeof uex == 'function') {
                                uex('ld', MBCFeatureScope, {wb: 1});  //send metrics
                            }
                        </script>
                    
                    
                    
                    
                
                
                    <div class="a-box"><div class="a-box-inner a-padding-base">
                        <span class="a-size-small"><a href="/gp/offer-listing/B00BSNACII/ref=dp_olp_new_mbc?ie=UTF8&amp;condition=new">10&nbsp;neu</a>&nbsp;ab&nbsp;<span class='a-color-price'>EUR 39,80</span></span>
                    </div></div>
                
                </div>
            
        </div>
        
        








      </div>
    

<script type="text/javascript">
P.when('A','jQuery').execute(function(A,$)  {
    function toggleExpanderHeaderTextWeight(data) {
       $("[data-a-expander-name="+data.expander.expanderName+"] .a-mbc-expander-heading-text").toggleClass("a-mbc-expander-heading-text-bold");
    }

    var offerCount = 3;
    for(var i=1; i <= offerCount; i++){
        $(".mbcLi"+i).bind("click", function(){
            this.click();
        });
        $(".mbcLi"+i+" .a-button a").bind("click", function(){
            window.open(this.href,"_self");
        });
        A.on('a:expander:mbc_expander_'+i+':toggle:expand', toggleExpanderHeaderTextWeight);
        A.on('a:expander:mbc_expander_'+i+':toggle:collapse', toggleExpanderHeaderTextWeight);
    }

    if ($("#mbc-panel").length == 0) {
        $("#mbc-action-panel-wrapper").show();
    }
});
</script>

	                
                
            
        
        
        
        
        
        
    
    
    

    















    </div>





        
        
    
        
        
        
        






        
        
    
        
        
        
        









    <div id="product-ads-feedback_feature_div" class="feature" data-feature-name="productAdsFeedback">




    

    
    
    
        
            
                
	                
	                
	                	






	                
                
            
        
        
        
        
        
        
    
    
    

    















    </div>





        
        
    
        
        
        
        









    <div id="amsDetailRight_feature_div" class="feature" data-feature-name="amsDetailRight">




    

    
    
    
        
            
                
	                
	                
	                	<div id="amsDetailRight" data-detailPageAsin="B013USRV1E">
<noscript><style>#DAadrv2{display:none;}</style></noscript><div id="DAadrv2" class="copilot-secure-display celwidget  text/x-dacx-safeframe" data-campaign="4635" style="display: block; margin:auto; line-height:0;" cel_widget_id="DAadrv2" data-ad-details='{"slot" :"DAadrv2","slotName" :"ams-detail-right-v2","src" : "http://aax-eu.amazon-adsystem.com/x/getad?pa=B013USRV1E&c=100&pc=340846031&pt=Detail&u=http%3A%2F%2Fwww.amazon.de&src=506&sz=245x250&ad-sid=010108a3c2dae6b93912d14e66260f1a024660cbdb20f0e0f0df985935a74aa3669a&pj=%7B%22asins%22%3A%22B013USRV1E%22%2C%22st%22%3A%22amzn.de.dp.groceries%22%2C%22zn%22%3A%22_default%22%2C%22prid%22%3A%220101a80f70e20c5745b03cc17b638f19a8ec0abe464b72eae9e1c4ae22ec382f5e21%22%2C%22bn%22%3A%22340846031%22%7D&slot=ams-detail-right-v2","adServer" :"aax","campaignId" :  "4635","arid" :"39b1578e352146a5b0194e80dc2caf4a","size" :{"width": "100%","height" : "250px"},"allowedSizes" :[],"allowedDomains" :  ["g-ecx.images-amazon.com"],"aanParams" :   "site%3Damazon.de%3Bpt%3DDetail%3Bslot%3Dams-detail-right-v2%3Bpid%3DB013USRV1E%3Basin%3DB013USRV1E%3Bbn%3D340846031%3Bprid%3D05RJQ27WRTNRY1YBHKCM%3Barid%3D39b1578e352146a5b0194e80dc2caf4a%3Bad-sid%3D010108a3c2dae6b93912d14e66260f1a024660cbdb20f0e0f0df985935a74aa3669a","loadAfter" :   "criticalFeature","daJsUrl" : "https://dq4ijymydgrfx.cloudfront.net/2016-02-22/v1/feedback-de.js","iframeExtraStyle": "","iframeClass":  "","feedbackJsUrl":"https://dq4ijymydgrfx.cloudfront.net/2016-02-22/v1/feedback-de.js","showInlineFeedback": false,"inlineFeedbackParams": {},"boolFeedback": true,"adPixels": [],"adPixelDelay": "0","aaxPixelUrl":  "","usePrefetchRoute": false,"htmlContent":  "","htmlContentEncoded": ""}'></div><script>(function(window, document){if(typeof uet == 'function' && typeof ues == 'function') {ues('wb','DAadrv2',{wb:1}); uet('bb','DAadrv2',{wb:1}); }window.aanParams=window.aanParams||{};window.aanParams['ams-detail-right-v2']="site=amazon.de;pt=Detail;slot=ams-detail-right-v2;pid=B013USRV1E;asin=B013USRV1E;bn=340846031;prid=05RJQ27WRTNRY1YBHKCM;arid=39b1578e352146a5b0194e80dc2caf4a;ad-sid=010108a3c2dae6b93912d14e66260f1a024660cbdb20f0e0f0df985935a74aa3669a";try {if(window.DAsf) {window.DAsf.loadAds();} else {var sfLibrary = document.createElement('script');sfLibrary.type = "text/javascript";sfLibrary.async = true;sfLibrary.charset = "utf-8";sfLibrary.src = "https://images-eu.ssl-images-amazon.com/images/G/01/dacx/sf/DAsf-1.34_FX1._V275812351_.js";(document.getElementsByTagName('head')[0]||document.getElementsByTagName('body')[0]).appendChild(sfLibrary);}} catch(ex) {if(window.ueLogError) {window.ueLogError(ex, {logLevel : 'ERROR',attribution : 'DACX-safeframe',message : 'Error appending DAsf library'});}};}(window, document));</script>
</div>
	                
                
            
        
        
        
        
        
        
    
    
    

    















    </div>





        
        
    
        
        
        
        









    <div id="servicesInterstitial_feature_div" class="feature" data-feature-name="servicesInterstitial">




    

    
    
    
        
            
                
	                
	                
	                	








	                
                
            
        
        
        
        
        
        
    
    
    

    















    </div>





        
        
    
        
        
        
        






        
        
    
        
        
        
        






        
        
    
        
        
        
        






        
        
    
</div>
         
<div id="leftCol" class="leftCol">
    
        
        
        
        









    <div id="imageBlock_feature_div" class="feature" data-feature-name="imageBlock">




    

    
    
    
        
            
                
	                
	                
	                	














    
    
    








    




    








<div id="imageBlock" aria-hidden="true" class="a-section">
    <div class="a-fixed-left-grid"><div class="a-fixed-left-grid-inner" style="padding-left:32px">
        
            <div id="altImages" class="a-fixed-left-grid-col a-col-left" style="width:40px;margin-left:-40px;_margin-left:-20px;float:left;">
                









    <div id="thumbs-image" class="a-hidden" customfunctionname="(function(id, state, onloadFunction){ P.when('A').execute(function(A){ A.trigger('image-block-twister-swatch-click', id, state, onloadFunction); }); });"></div>
    
    <ul class="a-nostyle a-button-list a-vertical a-spacing-top-micro">

        
        
        
        
        

        
            
                
                
                
                
                
                
                
                <li class="a-spacing-small item"><span class="a-list-item">
    <span class="a-declarative" data-action="thumb-action" data-thumb-action="{&quot;thumbnailIndex&quot;:&quot;0&quot;,&quot;variant&quot;:&quot;MAIN&quot;,&quot;index&quot;:0,&quot;type&quot;:&quot;image&quot;}">
        <span class="a-button a-button-selected a-button-thumbnail a-button-toggle a-button-focus"><span class="a-button-inner"><input class="a-button-input" type="submit"><span class="a-button-text" aria-hidden="true">
            
                
                
                    <img alt="" src="http://ecx.images-amazon.com/images/I/51Lfv-i-z6L._SX38_SY50_CR,0,0,38,50_.jpg">
                
            
        </span></span></span>
    </span>
</span></li>


                
            
        
            
                
                
                
                
                
                
                
                <li class="a-spacing-small item"><span class="a-list-item">
    <span class="a-declarative" data-action="thumb-action" data-thumb-action="{&quot;thumbnailIndex&quot;:1,&quot;variant&quot;:&quot;PT01&quot;,&quot;index&quot;:1,&quot;type&quot;:&quot;image&quot;}">
        <span class="a-button a-button-thumbnail a-button-toggle"><span class="a-button-inner"><input class="a-button-input" type="submit"><span class="a-button-text" aria-hidden="true">
            
                
                
                    <img alt="" src="http://ecx.images-amazon.com/images/I/51chE6cO8LL._SX38_SY50_CR,0,0,38,50_.jpg">
                
            
        </span></span></span>
    </span>
</span></li>


                
            
        

        
            
                <li class="a-spacing-small template"><span class="a-list-item">
                    <span class="a-button a-button-thumbnail a-button-toggle"><span class="a-button-inner"><input class="a-button-input" type="submit"><span class="a-button-text" aria-hidden="true">
                      <span class="placeHolder"></span>
                    </span></span></span>
                </span></li>
            
            
        
        
        

        
            

        

        
        

        
    </ul>

    

            </div>
            
        
        <div class="a-text-center a-fixed-left-grid-col a-col-right" style="padding-left:1%;*width:98.6%;float:left;">
            <div id="twister-main-image" class="a-hidden" customfunctionname="(function(id, state){ P.when('A').execute(function(A){ A.trigger('image-block-twister-swatch-hover', id, state); }); });"></div>
            <div class="a-row a-spacing-none a-grid-vertical-align a-grid-center canvas ie7-width-96">
                <div id="main-image-container" class = "a-dynamic-image-container">
                    
                        <div id="video-outer-container">
                            <div id="main-video-container">
                            </div>
                            <div id="video-canvas-caption" class="a-row">
                                <div class="a-column a-span12 a-text-center">
                                    <span id="videoCaption" class="a-color-secondary"></span>
                                </div>
                            </div>
                        </div>
                    
                    





<input id="show-immersive-view-on-softlines" type="hidden" value="false"/>



    
        
        
        
    
    
    
    
        
        
        
    
    
    
    
    
    
	
    
    

    


	


<!--     Creating a custom overlay for image not available experience -->
<div class="variationUnavailable unavailableExp">
    <div class="inner">
        
        <div class="a-box a-alert a-alert-error"><div class="a-box-inner a-alert-container"><h4 class="a-alert-heading">Bild nicht verfügbar</h4><i class="a-icon a-icon-alert"></i><div class="a-alert-content">
            <span class="a-text-bold">
                Keine Abbildung vorhanden für <br/>Farbe:
                <span class="unvailableVariation"></span>
            </span>
        </div></div></div>
    </div>
</div>
<div class="a-hidden" id="auiImmersiveViewDiv"></div> 
<ul class="a-nostyle a-horizontal list maintain-height">
    
    
    
        
            
                <li class="image
                 item itemNo0 selected maintain-height"><span class="a-list-item">
                    <span class="a-declarative" data-action="main-image-click" data-main-image-click="{}">
                        <div id="imgTagWrapperId" class="imgTagWrapper">
                          
                          <img alt="Aptamil Kindermilch 1+ ab 1 Jahr, 4er Pack (4 x 600 g)" src="
data:image/jpeg;base64,/9j/4AAQSkZJRgABAQAAAQABAAD/2wBDAAoHBwgHBgoICAgLCgoLDhgQDg0NDh0VFhEYIx8lJCIfIiEmKzcvJik0KSEiMEExNDk7Pj4+JS5ESUM8SDc9Pjv/2wBDAQoLCw4NDhwQEBw7KCIoOzs7Ozs7Ozs7Ozs7Ozs7Ozs7Ozs7Ozs7Ozs7Ozs7Ozs7Ozs7Ozs7Ozs7Ozs7Ozs7Ozv/wAARCAEsAMkDASIAAhEBAxEB/8QAHAAAAgIDAQEAAAAAAAAAAAAABAUABgECAwcI/8QATRAAAQMDAQUCCQkFBgUCBwAAAQIDBAAFESEGEjFBURNhFCIyM3GBkaGxBxUjQlJUcpLBFlNik9E2Q0R0grI1ZHPh8DfCJCU0Y3Wi8f/EABsBAAEFAQEAAAAAAAAAAAAAAAUAAQIDBAYH/8QANREAAgIBAwMDAgQEBQUAAAAAAQIAAxEEEjETIUEFFFEiUjJhcZEjsfDxBhWBwdEzNEKh4f/aAAwDAQACEQMRAD8A9I2nv4tEQNMEGY8CG0/YHNR/Tqa8+Lj5CleEOqUcnKlnU99HywqbOfkyFqW4tZ1zwA4Ad1DG3sFztCp3e7nDj2UXpo2L+c53Uarqv+QnDff0+mX+Y/1qFx/k8v8AMa6/NkfTxntAB55XI5rY25jd3Qt4DeKtHDnP9O6rtkz7x8zh2j/75f5jUDj3N5f5jRKIbSEBAKyBplSsn21nwVvqr20tkbfBe0f5PL/Mahcf5PL/ADGivBW+qvbU8Fb6q9tLZF1IL2j/AO/X+Y1t2jv75z8xojwVvqr21PBW+qvbS2Rb5o0246MmaEdynDk0Ui3qXug3JKSeXaZx684rj4I3/F7angjf8XtqJrPzLFtQcjP7zubY4AnFxBJOoLoG76fG+Ga5rgSkpyJrStMkeEjOenH311ZW6wMNuFI9AP6Vlx510JDjpVuneGgGD7O+odOyXdWg+DAiy+hvfcltpVkjcS+VH05Glce0d/fOfmNMg66lwLDqsgY1wR7OFYUpa0hKnVqCSCMngRUgrfErL1HgkRd2rv75z8xqdq5++c/MaZLmvxmFOpdP0KVKGUgjhz01quM7R7RSnChhBcW6CrCW1a8zjX08KzX6laCA45hX0/0m3Xqz0t2XnPaMS45zed/Oa7xIzkxe4JwaP/3HSM+jrSM7TX6M4slsNqRosFk4SeB05Uysl/usuW4y+pLYbSV4S3ukEkdeXdVKa5LWCIO5mzUf4f1Glqa+0gqvc4McOWGWyN52elAGud9Z09Vcxa1rA7G6tuZ4fSLGa7m4TMY8JXjoEp/pXEuuKOSs5HMJA/SrjXqc9iIHF2jx3VoDJakxJCmnnHUrSOSzgiuZdcIwXnPzmmCi4s5U+6T+M1EqcTwec9ZzWkK2O4Eylq89iZYtk9pTJKbZPczIA+hdUfODof4h76tea80U89u6PKBGoOBkHrwrr+0t7+/H8if6Vks0rFsrCFOuRVw2TOCs9o5ofLPLvqYP2T7K9LaGWxmgJF+tkWU/GfeKFxygOktq3UlZSE+NjGpUKcaw+FjH00ffKHg9D7Kxr9k+yrHK2jw6pTV2jIaUHC0fBVqGEb+cnGCcNr057uR37/PTpJCrqyhPiqK1RFJCQtQSgHIxnJ9+TU/dN9sh/lw+6VrB+yfZUweh9lWv5xlP9o7HucbsFqS0xmOokLI3hnrlJHT1VxF9LiRu3eP4jW84ERlFZJAIKRjn2jeBjJ1A1zhe7P2x/wDLh90rWD9k+ys7qvsn2VZF3x9hLvhFxYbw2l4lUVaeyQo7qc5HHe601twnrfU67MZfi+MkANbqt4HB14cQeVMdWR4jj00fdKOG1H6p9lbdmeYI9Iq03KZLulxNotLvYhvBlSkjzY+yP4v/ADrSeQTdJqShbjkKD9Ewpaiour4KcJPHoPXUvctkDHcyoaNSGIbsP5xd2R6VnsjTQQz0rbwM9Ku6olA05insjU7I038CPSseBd1LqiP7cxT2RrHZnpTbwI9KwqEoDVJp+qIx05iC5MOuW2Q2ygrcWgpSkc8/9s0tYuG2EeKzFbb+hYQEIQQggAJ3evSrU8wGgCtQQOaiNEgcSf8Azjiq3cr22oluEhaUD+9Wo7yvZoPZWe3SDVODkjHxCej9Vb06o17FYE57j8sTYXva4RVsmMgrO4A5hGiUgjGOec6mpbhcH5kyddEBMh/cAxjBCRjgO7FZsl1VPkKhv4LoSVIWOYHEHvpjIyhXZIKQsJ31rX5Laep655Dn6qjXoFpsDbiSJZqfWrdTQ1QqVQ3JAOfB+fymuDU1FKpF0iNlSWkPSD+8ddIz6AnAFKTf5EKUFkqcYJ8dpSirA7idRRMISMznsAnAMtVSolQWhK0nKVAEHqDUqEjIfJNCUWfJNCVEySz1JxT7cQmO0lx0HRClboOvWkL9qky3pD8izNrXIKC4hUs7i93BTlPDQpSOemaq5ADjmNPHPD01kLcHBxY9CjQ9dI475hg+pJn8Jlmbsy3CpDtgjtodaUwsiRqhtW8SlOOGqsacj3YrDtsmPvqdcsjSg4Ub6PCsJVuEFPi8BghPXQGkLb8gHxZDw9DhFGM9s4cqedV6Vk0jp3Hn+cmutVv/ABMPNlkFrs/mhTaSQSGp6k7u6AEqT0VgY5aVF2V5XjosbSHA32YUJZSQkbmMEcwUJIPIjvNbMRd7ysq9NHN25k4yyg+lIqhgw8zUrhvEXx7G8gstqsyA0dxtweFkgISvfzjmQon01xvNpu1vuVu+YO1EZLSmey3iUNEkneOT/Fx/hFP27ewngy2P9IohEdKRgDA6CmV2Vsx7EFi7e4iZ2KLdbkWaAs+EyPPPcwD5SyevIUQxbm2GUMtICUIG6kd1NEsITndQkZ4kDjW4b7qrDEMWPJkyg2hAOwi0RB0rYRB0pj2dZ7MdKn1DG6Yi7wQdKngmmcUwKABwrzraC4THZ61okOIS2fE3FEY76uoRrmwDMuqtXTpuIzGW1s1duiBhrRx0AAg8Brn4e+qbDuku2uh2O6rCTktqOUL6gim09ydtDaW5QQuRIgq7ORuDKlIOqVYH+oHFImosqUvsY8V5xxWm6EHSitCqtZV+fMBamyyy0PXnHiWja+TvWi3So+UszEEn1hJA+PsqjOuaV6u7s0bpskxaJH0S2G09m6BkpWBx9HH21SHvk22mDu4nwRxP2w7gewiqtNqK1UqxxibNRpLHcOByBBth2DK2mJ+q1HUo57yB+tbXi4h555tvxQt5RX/Fg7qfcB7TV12U2MXYGFmQ6lx94guKTwGOAHtry6+h223+fBdBBafVjvSTlJ9YINTqtSy0kGK6ixagMTdx1KQaVy3d7SsLklXOmOzVpcu91QpScx2FBbqiNDjgn11rZgBmUVU7e5l0jtFqGwhXFLSQfYK2Iop0Ek6UOoVkBzK3WaHyTQlFq4GhKRkVhivOOfjPxrIrCvOOfjPxrKeNOOIvMIYRkinERnOKWxk5Ip5DTwrLa0I6ZQYfHZGBRyG8cqpm2e237LttQ4TSHbi8jfHaeQ0jON4gcScHA7ifSn2D28u1z2m+b7vLQ83KQexw2lO6sa4GBzGePQVkNNjIX8QoHRSFnqATWcCpUzWTM0SVmsVCaUeZqV5js78pt0m7Totlwixiw++ppC2QUqQcnGck5GndXptWWVNWcNIK4biJLlcH0SS2y4UBHHAFVR613K7hxUJhDiQ4UKVvhO6ePP01brrYTcHu2YlKjrUML8XeCvV1rvaLSi0x+yQ6pwk7ylEYya1V3rUmU5mC3Tve+1/wwLZmxvWWIW1rQVuK3nSOZ5AeinwA6VKmayO5dix5m6upa0CLwJKlTNSoSyYKQaRX/Y2z7RgKmsFLyRhL7Z3Vgenn66eknlXnE/a7bljahyIxYN6Kl/cQjsFEOIz5XaA4GRrngOdXUhyfoOCJVZtx9QhDfySWZpwKVLmOpH1FEDPsFOG7DEt0cR4qA22nglIxVW+VDaW8QLtHt0Ga5EZVHDq+yO6tSiojVXHGnKrbs+89L2UtkiQ4p11yMgrWo5KjjiT1rUWu2B2bsZmKV7iAIuksJRnApY6nBp7NRxpNIGtaamzBmoUCCK4GhKMVwNB1cZiEMV5xf4z8a2TxrVXnF/jPxrZPGn8ReYfF4in0EZIFIYvEV02kuhtGysySlQDq0di1r9ZWmnoGT6qx2gscCFdN27zz6e6vbHb8pbJW1JkhpBT+6Tpkf6QT66xtHCVsftsrwJJSiM6iRGCj9U647xnI9VC7K31jZq8C4uwzKUhsobQHAjdJ55weXxorbHapja2XFkogGI6whTat50L30k5HIcNfbWva4cKB9OMS7IKk57z29E1Eu0CdGWCh1jtW1DoU5FeO2f5QNs31GFGdFwkSE4bCmUlSDxJGMZ066Vcfk2u3h2xkmC4oFyBvoAzruEEpPxHqqifJt/ba3ehz/YaxVVKvUDDOJe7k7SDzDbldPlFse5MuUmXHQs4SpQbWjPQgZA9dWa37Y3rajY6a3a0BF/iqb0a3cOJKhlQCtOG8CKs23CGnNirsHgkpEZRG99oap9+K84+SVS07VvAcFRFb35k0gVtpLlQCsc5RwueZVbf4f88smBvfOHbZaxjPaZ79OPqr1zZCVtXGg3STtOzIdLKQuO2EoK1gBRUEhPEnTjXmWzX9uoP+fPxNe27Q3tjZ6yv3OQlS0tABKE8VqJwB7anrGJKoBnMjQOSTxKE9K+UraVSn4kdVqiK8hslLasd5PjZ9gpGvarbXZO5iNcpLji0YWpiThaXE9Qoa47weNHQtptuts562LS81DbQMr7NICGweGVEEknu6cKR7a2y8Wu5R2r5chcJLjG+lwEncTkjd1781OtBu6bhf08yLN23KTPQNtNqZjexNuvNnkKiqlutnO6FEJKVEpOQRxHuqtw9tduL9bRCtUXtZDZPbTWmxkjkNfFSfj3VttD/6QWL/AK6PgunfyPf8Bn/5v/2JqraldJbbnBk9zM4GeRKbC212psF1KJ0uQ92S8SIsrUkcxk6pPQjupleb/t7do7lzYjTLfbEgrSI6cEI+0T5R01zwpX8pgA25uGBxQ3n8gr2FwBWyiwRkGEc/kqVrIqpYFGTGQMSVzxKP8m+2lzuN1Nnuj5lBbZWw8oAKBHFJI45Gue6lt+272gRtm9BjTBHisTAyGktpO8AoA5JGddaVfJj/AG1h/wDSc/20Hfv/AFAm/wD5P/31b0a+ue3iQ6jdPnzHnyuf2qjf5JP+5VX/AGW/sZav8sj4VQPlc/tVG/ySf9yqv+yv9jLV/lUfCs9n/bpJj/qmazedJJA1NPJvOkcnjVlMH6mBq4GgqNXwNBVpMHCGq84v8Z+NbJ41qrzi/wAZ+NbJ40/iLzD4vEVXflC+cJi4UCJAkvstJLy1tNKUkqOgGg4gA+2rFF4insIkAYNZmfY27EKacZGIi2I2Mtw2bYcvFqZelvErV27WVIB4DXhpTDaHYezSNn5rdutMVmX2JUytpoJVvjUAHvxj11ZGTpRA4Vge5y+7MKLWu3E8X2ARd7TfXUSLVNajzIy23FuMLSlBAKkkkjux66rmzTl1Zu8d6yI7SehKlNowDvAJO8MHjpnv6V9DykKciuoSMqUggDvxXlGw+xW0do2qhTLhbexjtBYWvtkKxlJA0BJ4mtlepVg7NgHH7yh6iuAIqvm0W2O0kcWybb30NlQKmGYa0lwg6b2cnGdcVePk42Pk2CM9PuKAiZKASG857NA5HvPP1VeMVmsr6ncmxVwJctOG3E5nhF92cvezm0rr8WFJU2iQX4shpsrTjeynJHMcCDVjiu7Ube2W6W65xvB1IbbdiKVHU0lS0qyU5PUad3GvVMVMVJtWWUZUZHmIU4PY9p4XYp+1mx0yQ1Fs7xW9hLjL0Za0kjOCCnGeJ4HBrG08TbC7y2J13tb6nHGfokR45IbRk6HGcHOuCc17pipipe8+rftGZHodtue08sv1unu/JRZYzcCSuQ28grZS0orSML4jGRypx8k0OXCsk5EuK9GUqVkJebKCRuJ1waAm7VbRRLdd74m5RizbrouIiC5HA7VIUAMLBznCvcaszG3dmdnCDmQJCVlt4dirdYUBk76sYA0OvcaVjWdMrjk5iVV3A54nnPyjWm6Sts5z0e2TH2lIb3XGmFKSfEHMCvWFtrOzCmghRc8DKd3GudzhjrQFu24stznNRGHH0KkBRjOOsqQiQE+VuEjXGK6Q9sbTPeioZ8JDcw7rD7kdaGnF4J3AojGdD7CKrsssZVUrxJqihiwPM8z+Ti1XOLthEdlWyYw2ltYK3WFJSPF6kULfLPdXNu5byLVNW0q47yXEx1FJG/xzjhXr7e0Vudt8Sch1RYmPiO0ooOSsqKcEctQRS627Zx3bU5MuLD0bsnS0pYYWW1HtChO6rHjZ0zjOKu9zYXL7fylfRXGMylfKpbbjM2ljOxLfKkNiGlJW0ypYB3laZAq4WKQuBsvaIr8OUHCw2g4b8gkY8bmMY1o57auGxGQ+5CuQSUFxY8Ccy0kEjK9NOBOOONaOL7ciMh9laVtOpC0LTwUCMg1UbWZFQjiOUAYsDFE3nSOTxp3N4Gkkjia10wXqYGvgfRQdGL4H0UJWkwcOYWrzi/xn41snjWqvOL/GfjWyeNP4i8w6NxFPIZ4UijHUU7hnhWO6FNNHTB0olJoNhWlEpND2ELKe06VmtQazVcnM1KxUzSjzNSsVgqAGpA9NLMU2rBrTt2RxdR+YVkOIV5K0n0GmyI+DKjs/sVGYnXGfd7dGelOXF1+M4rx91skFOnAHOTWlv2UnFra2NLUhlF5ec7BxKt4hKgoAkevhVzrFWm1jkyvYJQLZs9tFIk2GLcYUaJFsIID7bwWZJCd1O6BqkaDOeNM2Nn7ijZnZ6CpDYfgS2XXxv6BKSc4PPjVtqYFObWb+v6+YggEosSy31uBbrMu3NpZt9yTIVLMgYdbDilZSka5wdQceuurFmvYtabOuC2hEW4JkJk9uCHU+EBzRPEYTnjjXrV0rBpdU/EW0Sp7Q2a6XK6SB4N4bDejBuMkyyyiM5428paR5WcpxxxjGma7wm7zBtNsieDR8MR2mnw4vxkkDCiCCQdAMDvqxqOlCSDpUlYkASDAcxPN50kkcTTqYeNJJHGt9MEamCL4GhKLVzoPNaTB4hivOL/GfjWU8awrzi/xn41kcaccRvMMjnhTmIrhSRg600jL4VmtEIado8YXpRaV0rZc0GtFocrAywqjQ0KrcKoVLldQqqiJcDBLndTCcajsRlypTwJbaScDA4knkKGDW0ErxnZUaCnklpHaKHpJ0qSP7WRz/AMmr/cKX3W6OPS3Y0aU2otDx0NuAqTrg5AORrQnUXFFZzkgHgf7whXWPpUYyRyZ3etUdJ3p19muHmA/uD2CgXY+yzZysuvHqp1Sv1pTJad3vHO8T0UCefEcuB9hrguOtASVNkBXDI40Gs17eK8frkwrXpxgfxP27Ro4/sujybeFe2hHJezpPiwFp70rUP1pY8kjPin2VwQ2t1W6gZ46k4GgydTpwqsaqxzjaP2mtdNWBksf3jjw+3J/+nlXCP03H1Yru3tHOj47C6l4DgmQ0D7xrVeU2tCilSFBQOMY51gIWeCFH0CpDU2jjtLDpaTz3/XvLxads0ypbcSbHDS3CEpcbOUknqOVWrNeS28ZucX/rI+Ir1dSsGjnp19l6Hf4gD1LT10ONnbMyTWpVWhVWhXRUCCiZupVCPq0NdFL0oV9ehqxRKnbtFkw8aTyOJprLVnNKHzrRGoQRqDBlcDQeKMVwNCYrQZgELV5xz8Z+NQVFecc/GfjUFIcRjzO7SsUew5jFLEqxRTblVuMzTW2I5Ze040Wh7vpM07pRTb1ZWSEEsjZDvfXdDtKkPV3Q9rxqgpNK2TMpWNqIx/5RX+4UnuzRN0edEhTYcLJWlBUkrSjfykkHnvj2U1mKxtJEPWIr/cKVXQ5mrNctrtXZpgzV85x/6E6CmhLQob4i55Utx6a/4WtZcWHG2EuqTw7TQHTd8pvhnVAzpw1YdLIKnVlx1SmlLWVk5UlpKDn1pzvA5Oe4Vla325Mfd3SwpSN9IQCfL8cqyOG4NMHQ56itY63224q5LzLriXgZKAygIU3hOcEEnGd8gYyc4IGhF/Vuu06l7EG7v35/rtIKlddp2oxx2/r95zM1xtlhpU1xSUoCZAU4te+e0CzjPIjKcHgDjWuMaS4iM64HpDaOxUygtqIQ0spI3iANdSFZyCCOddFOvuMBLj0ZhwAJK0oQScNK18k4y7uH0Z4VzekDtZBYdZSEocRGSpI7MZLRGmM5yheqtPJ5cLQzl97XJnBloVNmwVPjIM2fntrS4WpshLji1EEqVhCS4lSUjJIThIWgkD6541iTKbkMrDVwlsL7EIbIdX4qg2pO8SkjJ3yhWcZO7WVLZJP/AMSypsNgFJZSkqVhzJOAdfNYwrGh76XNjJrLqddfpyAGVv0E1UaGi5SSrL+pjG3hL9+ZUkYSp/eA7s16O6vCyK8+saf/AJ3FH8VXeU7h9Yzzq/0X6kZvzmP1hsOo/KdFOVzLvfQynq5l7vo+EgAvCVO99CvO6VzU930M87pxq1UlL2dpwkrzmlrp1op9ec0Es61sQYgy5szmrgaDotXkmhKsMzCGK845+M/GpUV5xz8Z+NYpxxGPM2FdErxXKjY1rmSme2abTuZwneUBvejNMxAGSZNAzHCjMwhyiEO0IhiQXi0mO6XEnBSEEkUQYc1oZXEeSMZ8g1U235mlC3xC0O13Q9qNedLUuEHB0NdUO6iqysvWyNpxxe4av+WI99KZ4kuXNfZ+bLaEjfPiJUXUhSsZGoQVH1U0uJxMgudWSPfSqYd6Qs1xGu1PtrWYqG78H9J2NNXVqUA47RePnE29JWywJKvGUnGAPoSrdxvfvAE5762wtC22nIrbhU+pC3EZCUoDyQFHxtAWt8+kCtHfKrVvzicDJ5DGay1+pVuwXoL3M0+zdVJ6rTR1pwR1urYjqcCklLScglJUsKSNTrhKDk4HjEacRrIbZDk1LURkGO+EJSVK3nBkqIGpwQhTQ10yVZxxGgcbkssurjFTji0trKHkobJ3EqKgSBg5URu9Ukd1S8L35p0ICVOIGeiXFpB4DiBn9TxJa4+3QvZSvPbEo04N7hEtbjvOryG3Hk+JHUlct1JcVkbrO8OzwE8QUk+Ny4HGKwiM5vFZbjhreIwnygnLoBzvfwNHh/eUtQnJ0pgw3up1oZb6nWVI6S5M3+xdMfxW7QyyjF6YPRVWae7iW4O+q7Zk5ubav40j2mm9zdxPdHfRj0Bc1GA/XHw6yKe765qe76GU731zLvfXTBJzJthKnu+h3He+uSna4rcqYSUtZI4vNcFGtlKzWhq8DEyM2ZhXA0JRZ8k0JSMYQxXnHPxn41isq845+M/GsUhxGPMlWO0SPC7YmMRgx1buccQdR+tVyrDs+oCMBji6onvOBVGoH0ZmzQk9XAloYBS2lOckDjXbFAfOMRmciCuU0Ja0b6WCoBZT1A9R9lHJVvDNCDOhEAuVqYntKJSEvAeK4OPr7qrq7LcWWyssg7upCVAn2VcaWXK6RLc6S44VPbvitJ4+mrqrXH0r3ma+mo/W3aK5pL1rhyk69kSlX/ntpVJVl0nqKOtcgTGn4TmAXiVo6BXSgN5DchIkpO6glKxjny99c167pSLM+DiHPSdQLKcDkQNzia1G4Ad8rHTdFMX5dvdfcfLS1KUSQkjT62Dx70+yuapMMRnGwySlwAp8TG6oJI451OSPVQFaEBzvEL9ViMbTFTzje8Vdo/nGCRjh7aFX2a/JU4pWg8YDhTlNwjJS0HWlKVujtcfWKcBPpG6Dn01s0i3kIAiLddUoq83gEE8gDwxWoKpXswkxaycqYrYZ+saK0SKYmRbhugRlAA5KTnH1c8+gV7aFk9hLcYYhNFCiMOFXoGT8fbWR6QeGBji4s3dSIZs+1vSmlkaFzfz3JGfjUmP9rKcX1UaJaUm329bqdN9PZM9Snmr1mlJXXf8Ao2mNWnGZxHrWqFl2B4nQrrQrrQqrQmjYEAF5uVVoTWKxUsSstJWKlSnkZD5JoSiz5JoSomSWGK845+M/GpUV5xf4z8aFkScK7NB04KP6U44jhSzYEkichnIThRHPOlNdk7u268qI8tIWV77fLe0GR7s+2qY64VpGmd3l0rm3IKVpUglLgwpOORpnr3riaanFLAietXeJYWH2b1cyyw+yQluStWO8Dv5+jjyrtc3LhcrSlezVwiBalA9tkLSocwCAR7qrjXZbcbOJiOLadcbVvKYU7uLBHMHBIPQ4IIJGOhNvTbPk/szjAUpyU8e07AvdoSrGBqEgAer20GKMH2+YcDqV3eJaUvqh21LtwfRvttjtXBokqxrj11RbjcRPnuyc4CjhIPJI4VwuI2nvMY3ORHcMQHeQ0j6o6hPE+mkPbrP1qI6agLk57wVrb2chcYH84/bk9ksLSrCknINNHktXtjtWFBMxI8dP7zv9NU3tl/aNbtTH2HA424UqScgg0+r0Samso8ho9Y+ls3rGTinGXS26kpWORowz21wW4wY82QoKJ4nJzkdDn3CozdoN4bDFzT2Tw8l9PWuEy2yrdhxQD0c+S+3qk+npXn+s9Nv0LHAyD5noGk12n1yjBww8Rh4ZD1CISdw8d4DJ4nGcacR7Kyqe0p5atxxLa2g3lOEqGDnIxp3UqTITjjW7KXprvZRmytXPHAek8qGi69ztH8prOnRe5/nNlrK3NxsFSlHSmsKI1EjqdkK3UHziuBX/AAp/U0It2FZUEuLD8k/VSdBSObdZM53ecXhI8lA4JFdT6T6G2RbcMTnfVPWERTVScmPJlw8Le3iQlCdEJHBI6UMXU9RSPt3PtVC+vmquzFYUYE4tmLEkx12ietTfT1FAQ4NzngqjR3FNgZLhGE+3n6qObsj5IDswA8wlGff/ANqiWUdsx1psbuBM7w61MjrRjNhYKwlyS8cn6uB+lMTsYyU5auLydPrAGq2urHJlo0dp4ERZHWpXeTY5UVag28JATxwN1XszrQ6OHxzxFTDK3Bmd63Q/UJk+SaEos+SaEpGMs7S3eyDmD4ylqA7taXLG8kjPoNE3E/TvZ5Kx/wDtQa1eLjODSE0ooAzFE1xUaSQBlKk+MPXWGE+Fr+gO96OWaU3CYuTLc3FnswcAjnirDsFstNvszwsKW1EYUCFZx2ih+gNRa8LNQ0TEAk/6T0ew7F2xFkQmbGS8+6ApTmSFI7kkaj9aJZ2GtMd9pxrtvo175Ste8Fnvzxpi3Lct6G2JyAlHkodRqk9AeYpgHEfbHtoS1lm4nPMJrVXgDHErG1svaS0RXrjbn4phMpBU0pnLiBwJznB68q8zl7TS7u6HJC2C4dd5DAQT6SOPrr17aaXDbsclmS6R4SgsJQjylqUMAAda8pTYrWl0uN/OSkt8UJQnKRkglXTJB9+DpWvSuqjLCZNXWXOFM1gO+FLDKsdoRkEc6OMFYqQ7cmFJQTAlNKD6gl18geJucMZ6gnh66aUQDhu4gexDWcGKTDcHKjYFwuVuOGXCpB4trGUkd4onA6VMDpTNhxhhkSKWMhypwZuqfbXj2j1l3XOYaeKUH1cvVXGVeJjrXYRWUQ2PsNDGfSedbbo6VN0dKyV6LTVNvRADNlvqWqtTY7kiKDHdUcqySeZrIiOHlTfdHSpgdK27phyYqEJdPbZZGo24/KQHHeIQoZSn1czXFshLqFEZAUDjrrVsgwUTFlalAoRoUjiT39Kzai3aJu0dQckwpLhfjBtlGQU4wOAoRmxrWol15KO5Iz76doaDbYQlOAOAFRKSD5BoR1yPww70gfxQJFjjJwStwkd4rv4IgaJUoeujANK4uuMxxvOOBOeA5n0DnUDY58yQRR4iqTaHi4XGnAo9FaVV7ogN3JaUpwoJHanorkPTirlIcmykFEUeCtni+4PGx/Cnr3n2VXb9FbiR2UNggFxWpOSo44k8ya2aaxi4BmDW1AVEiJDwNCUWfJNCUTaAlnK6kpkHotR9WD//ACkV5neDxeyQcPPDA6pTzP8A5+lWmTHbkOnfz4i1Ywe+glbCNX6auQzNMMAJS4nc397pjXTQd9RY7VyZu0pVnCmVLZ7Z2ZtNc0W+EkpQNX38ZS0nqe/oK+g7fb41rgtRIrYQ00gISO4DFBbPWOBs/bUQoDQSjipZ1Us8yTR0pt59G4y6GxzVjJoXdZ1Gx4h0DAiraS5pisNJQ2lbil4QVcEkDOarAvF0WcCYs6/WANEbSrWh+NEWorcTvLCxwWOHtri0zbTJBVIG6FjeTvYGhwoZxpgYPHXJGmK5j1HrnUFa3wAB5xzDei6IoDMuSc+M8St7QmeqezcHZDzmvibuT2ah0A4ernS12XcU77apEtKlK3lJUtQO8TnJ78nPrqyTwVwla5KSFcO+glWxmZIlvqkhtQcwQojA4anoDpjXkaJ+meqXHSEMASpxk/6wN6r6fWuoV1JG7Jx+mIDaWp7lyafkKdcQAcqW7vcvTVhyeYrlbLWESQGZ0V5XABtzicZoh4/TYzkga1qo9R1FmqWtgAp/KBtTpVSst3yJpUqVK6KCZKlSpSikqVKlKKQjIq72tlm4QWZTqQXFIH0qCUqBGh1GvEVSKtWyUneiPxTxaXvj0H/uPfWPWL/Dz8Qj6c+Ldp8x6iKtAwmU8R/EQfiK6dmvgX1n1D+lYyd0EGgpc8Q0lb74bHLPE+gc6DM4UZM6AKScCHdlzU4tX+rHwrQliPlQCQTxI4mqu/tQ4pe6y0SjqtWCfVyrv4Wpa8Ek1nr1dVpIrOcS99PZXjeOY7U8XjgHdTSHasBLEVKRjxlfAU1iK3k0q2t83E9Kv0ohpDm1YO1oxp2lbPA0JRZ8k0JRszmlhivOOfjPxoiDOcgOlaE76VeUgnGfXQ6iO1c/GfjWMjrSwCMGOGKNuXmOv21YjKKRBmAdcJP613a28tqwe17drT6zR/TNV47p44rXcbP1RVJ01R8TYNfcJtf9qWbg8hMKIp7czl5wbue4ClrN1WCQuAsfhXn9KYbjf2RWd1A5Csmo9I0eoO6xe/zkzRT61q6RtQ9v0i6XdS7GW23GdbWrTeUBgCpbJzUeIpLr6UuOL3nEuIznByNaYFto8UprQsMq4pFVj0fTpT0qsr3znz/aQu9VvusFlnfAxO6blHkDAfjEkEeIoA6kHke72UOp9Kp4abIXuo8cg6DoK5rt8VY1bTXSPGZipw2AM8abT+lCm4WlycSq7WmxCuMTtUqZHUVMjqKMTBJUqZHUVMjqKUUlSpkdRUyOopRSU12ck+D3ltJUAl4Fs568R7x76VZHUVshwtOIdSfGbUFD0g5qFi70Kyyp9jhviekJ4EdKr98s0ibc0PIcSGijCio+Tg8h307S4X4wdYIBdbygnhkjSgWos1p0uSX0uApwrB4nly6VyuoqW0Ct1yJ2VFhQ71ODKjOjpiTlsIJUlGNTz0BpnvBtSlKOAnUnpQV5/wCMP+lPwFdpaXSXClxKWwg5BGpoJpj0Wu2jg/8AMK3jqLXuPI/4j+3uIdaS4g5SrgaX7WebielX6VrYfDQpoqUkxN04Gmc/Gs7Webh+lf6V0nplhsZGIx/aAPVECVOoOf7yuHgaEookbp1oXI610RnKrLmhhg72WG87x+oK6CPH/cNfkFYR9b8Rruz5xPpodk4h3aPicxFjg4Mdr8grcRY/3Zr8grzjZvbIWfZhUXs3J1zXMWiLG1OhwQTzxkq0GpNWeLBvrtuhuXzaAQZXhgdKGghAKToGSdAST6emtTZGXkxwFPiWIRY33Zr+WK2EWN92a/lilb21Vmji4F6UWjblht9KkHO8eASPrZwfZWmzu19r2ledZhB5p5pO8W30gFSeowT3e2q8PjMmAvGI6ESMf8M1/LFaMotr6nEsoiuqZVuOhASShXRWOB7jXCTf7LbpXg826w47w4treAUn0jl66882e2sas7O0947HtnJc1Bjsk43lKLhGe4CkqOwJEf6R4nqIhxPurP8ALFbCHE+6s/yxVLtG0u07O1UC07QMRR85tqcQyynDkcAEgn2HQ559K7zvlHjBCY1otz8u6OSFxxEcG6pJSdScZ06eg8MUxrszgd5IbMdxLeIcT7oz/LFbeBQ/ujH8sVWrDtsia8YN7iG1XESPB0NryUOrxnCTjQ6jTvTrrVjhXGFcUuKgy2ZIaWW3C0sK3FDiDiqmDKe8mFQ+Jt4FE+6MfyxU8CifdGP5YpddXY14scxqBf2oe4d1ybHdSrwcggkE50004jjVftcp6L8q86E9MceZkW9CmyteUkpSnUDhyUdOpp1VmB78REKMdpcDCifdGP5YrXwKJjPgjOP+mKqEr5ToxmPR7NZpl3EfJcda0SAOKhgHTvOKBhX5E/b6yXiMX2ol5iLZUy4rRK0FQ4cOIGvfUxXZye0idngS9mHE+6s/yxWhiRfurP8ALFco97tU6c7BiXGO/KZzvtIWCoY4+nHPFFmoZYcxbV+J0YwlsJSAAjQADQCuroyg0OycOY60TxRWdxhjL14lFvf/ABp8d6f9oo10fSEEZB5UZOeYRJk9tGQtTagAQkFRG6CSfRmljkkhat9JOFKAI5gHH60CrFdNjkt+I/tCrs9qKAOBHNuCUICEgBI4Acq73JtDnY76EqxnG8M44UNblEgZGD06UXcMbrOupz+lGtN+IYgvUfhOYuMdjd8w3+QUH4Ox+5b/ACimB8k0HRFiYPCj4hiPrfiNdm9FprijgfxGuqTgg03iPPLdlrzZtm73NcuUV5T3brbZkoTvJZAJBGOp6jJxT/bq4wrxsc1cbXKbkoizW1lSeKDgjUHUakcascLZ61wo8qOiKl5qW8X3UP4WCo9AeFbp2csiYT8JFsYRGkkF5tA3QsjUZx0q5rVLBsHMQU4xKIu3M7U/Kg6jGYh3JD45FIQk4PpJA9Zo3bKQ7Ydt49ytyQ069bXAQgcwlYBx3YSf9NXeJabfBmSZkWKlp+UEh1QJ1CRgADgB6K2kWmBMuMa4SIwckxUqSysk+KFDBGOB0J4im6w3DI7AYktnaedwxsnbdhhOlIi3O8zEqPZuK33O1JIGnFIHHPP1iqs2w+zaJbhStK4stoOAjCkHCxr0IIr2SDsjs9brgZ8S0styM7wUSpQQeqUkkJ9QFYj7I2lqRdnXG1yEXdYXIZdIKQQSfFxqNSTnlUl1IXPMRrJiWxxbHZFjae5bR/O0yQgIadVqrCtAlKASSrl3a8NaE2Xt7bfyt3wqQCWEuPIJHklaknPsUfbVgtOwWzlnnpmxoalvoOW1POFfZnqBwz3nWrA3FjNyHZLcdpD7wAddSgBS8cMnicVQ1oGcd8jEsC8ZlG+WAJFktzpH0iZRCSOIG6c/AVUzBvFhuytmbY6pDt4jsJd01SVDKuHADxxnpn016ptFszD2mZitTHXW0xnw8OzI8bqDnkaNVZreu9IvKoqfD0Ndil7J0T0xnHM64zTpeEQLjPP/AMiNe5szyudZ2tnbltBYIy1qjuWcOkKPlqRuqKvcr21o0667ddmXmlYdkWZcZBHNQS62ke3FejyNlI0ras3555SwqKYy4ykgpWCCCSemDjFAXfYpMi5bOv2nsIkezu5W2okko3goBPHJyDx+1Uxep5+P9v7RjWfEV/JbdrUxs8q3KkMxpyHlKdbcIQpeeB144GndigflMkiT8yXGzSA4pt96OhyOf7zKcBJHPINW277CbN3qUqVLt+68s5W4ystlfpA0J7+NM4lrgQIMeFGiNIjxsFpBTncI+trz468dar6qizqDn4ktp27TPPb/ALEjZfZ2DebQVC52spckupJ+lzjeOOgPL7JOc1f7fORdLXFuDSSlEplLoSeKcjOKMPormQAkAAAAaAcqg1hcDdEFA4mpODkcaKZdS6jeSQeo6GgXG98cSKBciy23e2iSezcHHIyFekVA1hvMkG2wuTAYCnVLR2qnF75LgBxpjA7sUoltNpV5CRr0op6ddwMLjMu96VYpe8q6P6phstnqtRV/Ssx0RPAEu9yByTDI8pqK0p51RCEjOnE+ikUzaRyTJU8rKQdEIB8lPIVvJtV0mH6eRkcQhI3UjpoP1oJzZqZx3gaI6ehK+5OTMltpfsOJ2RfVkeWa5fPS/t1w+YpyOKdK4fNMv7BrQVSVAyw/Pb6VrSGWsBR69a2F+kfuGvfSxXnHPxn41AMkCrRUmOIHN9ueY0F/kfuGvfWf2hk/uGffVJVeJaWZD6lEKcQssJBBS2ErCSSMZzrnJOK6qkyhNNv8PWEB1Y8KwneIDYVu8McT0qXRT4l2+/7pcv2jkj/Ds++s/tJK+7s++qj88PNwIrhYQt1cQyHN9W6CE4zjAOpzTVCt9tK+G8kHHSo9FPiVtfevLR1+00r7uz76yNp5Y/w7Hv8A60lqU3Qr+I3urvujsbUy/u7Hv/rWf2rlj/DMe/8ArSOpS6FfxF7q77o9G1kz7sx7/wCtZ/a2b92Y9/8AWkNSm9vV8R/d3/dH37XTfu0f3/1qftbM+7Me/wDrSGpS9vV8Re7v+6Pf2tmfdmPf/Wp+1cv7ux7/AOtIqlP0KviL3V/3R4dqpZ/w7Hv/AK1r+1Ev7ux7/wCtJalLoV/Eb3V33Rz+00o/4dn31qdpJR/uGffSipT9Gv4i9zd90bftDJP9w1761N+kH+5a99K6lP0k+I3uLfujL58kfuWvfU+fH/3LXvpbUpdJPiN7i35jJV8kYP0LXvoP56f/AHLfvrifJNCUxrT4klvs+YYrzjn4z8alcHHlh1zh5Z+Na9uvuqYPaUkHM6JixkuOOJjtBbww4oJGVjv61p4BCMcRjEZLIO8G9wboPXFY7dfdU7dfdT5i7zSfbWrg2ht1W6hIxuhCTp3EjKfVRYASABoAMCh+3X3VO3X3UsxdyMQmpQ3br7qnbr7qWY22E1KG7dfdU7dfdSzFthNShu3X3VO3X3UsxbYTUobt191Tt191LMW2E1KG7dfdU7dfdSzFthNShu3X3VO3X3UsxbYTUobt191Tt191LMW2E1KG7dfdU7dfdSzFthNShu3X3VO3X3UsxbYQeBoSty+vB4UP2iqiTJAT/9k=







" data-old-hires="http://ecx.images-amazon.com/images/I/71N6tuY0mHL._SL1225_.jpg"  class="a-dynamic-image  a-stretch-vertical" id="landingImage" data-a-dynamic-image="{&quot;http://ecx.images-amazon.com/images/I/71N6tuY0mHL._SY606_.jpg&quot;:[606,406],&quot;http://ecx.images-amazon.com/images/I/71N6tuY0mHL._SY445_.jpg&quot;:[445,298],&quot;http://ecx.images-amazon.com/images/I/71N6tuY0mHL._SY500_.jpg&quot;:[500,335],&quot;http://ecx.images-amazon.com/images/I/71N6tuY0mHL._SY679_.jpg&quot;:[679,455],&quot;http://ecx.images-amazon.com/images/I/71N6tuY0mHL._SY550_.jpg&quot;:[550,368]}" style="max-width:454px;max-height:679px;">
                          
                        </div>
                    </span>
                </span></li>
            
        
    
        
    

    <li class="mainImageTemplate template"><span class="a-list-item">
        <span class="a-declarative" data-action="main-image-click" data-main-image-click="{}">
            <div class="imgTagWrapper">
                <span class="placeHolder"></span>
            </div>
        </span>
    </span></li>
    
    <li class="swatchHoverExp a-hidden maintain-height"><span class="a-list-item">
        <span class="a-declarative" data-action="main-image-click" data-main-image-click="{}">
            <div class="imgTagWrapper">
                <span class="placeHolder"></span>
            </div>
        </span>
    </span></li>
    
    <li class="itemUnavailable unavailableExp a-hidden"><span class="a-list-item">
        <span class="a-size-medium a-color-state a-text-bold">
            Der Artikel ist in folgender Variante leider nicht verfügbar
        </span>
    </span></li>
    
    <li class="imageUnavailable unavailableExp a-hidden"><span class="a-list-item">
        <span class="a-size-medium a-color-state a-text-bold">
            Keine Abbildung vorhanden
        </span>
    </span></li>

    <li id="noFlashContent" class="noFlash a-hidden"><span class="a-list-item">
        
        <a class="a-link-normal" target="_blank" href="https://get.adobe.com/flashplayer">
            
            <span class="swSprite s_extLink"></span>
        </a>
    </span></li>
</ul>

                </div>
            </div>

            
                <div id="image-canvas-caption" class="a-row">
                    <div class="a-column a-span12 a-text-center">
                        <span id="canvasCaption" class="a-color-secondary"></span>
                    </div>
                </div>
            
            &nbsp;&nbsp;&nbsp;&nbsp;
            
            
                
                
                    <div class="collections-collect-button"></div>
                
            

            
        </div>

    </div></div>
</div>



<script type="text/javascript">

maintainHeight = function(){
    var mainHolder = document.getElementById("main-image-container");
    var imgTagWrapperId = document.getElementById("imgTagWrapperId");
    if(mainHolder && typeof mainHolder != 'undefined'){
        var ratio = 0.77;
        var shouldAutoPlay = false;
        var naturalMainImageSize = false;
        var videoSizes = [[297, 445], [334, 500], [368, 550], [405, 606], [454, 679]];
        
        
        var width = mainHolder.offsetWidth;
        var containerHeight = width/ratio;
        containerHeight = Math.min(containerHeight, 700);

        var landingImage = document.getElementById("landingImage");
        var imageHeight = Math.min(containerHeight, 679);
        var imageWidth = Math.min(width, 454);

        

        if(typeof mainImgMaxHeight !== 'undefined' && mainImgMaxHeight){ 
            containerHeight = Math.min(mainImgMaxHeight, containerHeight);
        }

        mainHolder.style.height = containerHeight + "px";
        if(imgTagWrapperId && typeof imgTagWrapperId !== 'undefined' ){
            imgTagWrapperId.style.height = containerHeight + "px";
        }
        if(landingImage && !naturalMainImageSize) {
            landingImage.style.maxHeight = imageHeight + "px";
            landingImage.style.maxWidth  = imageWidth + "px";
        }

        if(shouldAutoPlay){
            if(landingImage){
                var autoPlayWidth=0, autoPlayHeight=0;
                for(var i=0; i < videoSizes.length; i++){
                    if( autoPlayWidth < videoSizes[i][0] ){
                        autoPlayWidth = videoSizes[i][0];
                        autoPlayHeight = videoSizes[i][1];
                    }
                }
                if( autoPlayWidth > 0 && autoPlayHeight > 0 ){
                    var videoRatio = autoPlayWidth/autoPlayHeight;
                    // increasing height of the slate image by 1px (and width with the ratio) so that black lines doesn't appear on ipad on right side.
                    var isIpad = navigator.userAgent.match(/ipad/i);
                    if( isIpad ){
                        containerHeight = containerHeight + 1;
                    }
                    landingImage.style.width = containerHeight * videoRatio + "px";
                    landingImage.style.height = containerHeight + "px";
                }

            }
        }
    }
};
maintainHeight();

window.onresize = function(){
    maintainHeight();
};



P.when('A').register("ImageBlockATF", function(A){
    var data = {
                'colorImages': { 'initial': [{"hiRes":"http://ecx.images-amazon.com/images/I/71N6tuY0mHL._SL1225_.jpg","thumb":"http://ecx.images-amazon.com/images/I/51Lfv-i-z6L._SX38_SY50_CR,0,0,38,50_.jpg","large":"http://ecx.images-amazon.com/images/I/51Lfv-i-z6L.jpg","main":{"http://ecx.images-amazon.com/images/I/71N6tuY0mHL._SY445_.jpg":[445,298],"http://ecx.images-amazon.com/images/I/71N6tuY0mHL._SY500_.jpg":[500,335],"http://ecx.images-amazon.com/images/I/71N6tuY0mHL._SY550_.jpg":[550,368],"http://ecx.images-amazon.com/images/I/71N6tuY0mHL._SY606_.jpg":[606,406],"http://ecx.images-amazon.com/images/I/71N6tuY0mHL._SY679_.jpg":[679,455]},"variant":"MAIN"},{"hiRes":"http://ecx.images-amazon.com/images/I/71r49Ps053L._SL1500_.jpg","thumb":"http://ecx.images-amazon.com/images/I/51chE6cO8LL._SX38_SY50_CR,0,0,38,50_.jpg","large":"http://ecx.images-amazon.com/images/I/51chE6cO8LL.jpg","main":{"http://ecx.images-amazon.com/images/I/71r49Ps053L._SY445_.jpg":[445,240],"http://ecx.images-amazon.com/images/I/71r49Ps053L._SY500_.jpg":[500,270],"http://ecx.images-amazon.com/images/I/71r49Ps053L._SY550_.jpg":[550,297],"http://ecx.images-amazon.com/images/I/71r49Ps053L._SY606_.jpg":[606,327],"http://ecx.images-amazon.com/images/I/71r49Ps053L._SY679_.jpg":[679,367]},"variant":"PT01"}]},
                'colorToAsin': {'initial': {}},
                'heroImage': {'initial': []},
                'heroVideo': {'initial': []},
                'holderRatio': 0.77,
                'holderMaxHeight': 700,
                'useStretchyImageFix': true,
                'isAltImageAutoCycleEnabled': false,
                'altImageAutoCycleInterval': 0,
                'isEnhancedImageBlockSize' : false,
                'preloadingMainBlockForSoftlines' : false
                };
    A.trigger('P.AboveTheFold'); // trigger ATF event.
    return data;
});
</script>

	                
                
            
        
        
        
        
        
        
    
    
    

    






    










    </div>





        
        
    
</div>
<div id="centerCol" class="centerColAlign">        
    
        
        
        
        









    <div id="machineTranslation_feature_div" class="feature" data-feature-name="machineTranslation">




    

    
    
    
        
            
                
	                
	                
	                	






















<style type="text/css">
    #machine-translation-widget .a-icon-alert {
        margin-top: 10px;
    }
</style>












	                
                
            
        
        
        
        
        
        
    
    
    

    















    </div>





        
        
    
        
        
        
        









    <div id="title_feature_div" class="feature" data-feature-name="title">




    

    
    
    
        
            
                
	                
	                
	                	

    


	



<div id="titleSection" class="a-section a-spacing-none">
    <h1 id="title" class="a-size-large a-spacing-none">
      <span id="productTitle" class="a-size-large">
          
              
              
               
                  Aptamil Kindermilch 1+ ab 1 Jahr, 4er Pack (4 x 600 g)
              
          
      </span>
      
      
      
      
      
      
      
    </h1>
    <div id="expandTitleToggle" class="a-section a-spacing-none expand aok-hidden"></div>
    
</div>


<style>
#energyEfficiencyTitleInformation { font-size: 19px !important;}
</style>

	

	                
                
            
        
        
        
        
        
        
    
    
    

    















    </div>





        
        
    
        
        
        
        









    <div id="qpeTitleTag_feature_div" class="feature" data-feature-name="qpeTitleTag">




    

    
    
    
        
        
        
        
        
        
    
    
    

    















    </div>





        
        
    
        
        
        
        









    <div id="brandByline_feature_div" class="feature" data-feature-name="brandByline">




    

    
    
    
        
            
                
	                
	                
	                	 




    <div class="a-section a-spacing-none">
    <!-- Fix for tt- 0059914573 (Not a good practice. Added to accommodate for Pantry brandbyline viewdapter) -->
    
    
    
    
        
            von
        
        
    
    
        
        
            
                
                
                    
                         
                           <a id="brand" class="a-link-normal" href="/Aptamil/b/ref=bl_dp_s_web_1686253031?ie=UTF8&amp;node=1686253031&amp;field-lbr_brands_browse-bin=Aptamil">Aptamil</a>
                        
                     
                
            
        
    
    </div>


	                
                
            
        
        
        
        
        
        
    
    
    

    















    </div>





        
        
    
        
        
        
        









    <div id="averageCustomerReviews_feature_div" class="feature" data-feature-name="averageCustomerReviews">




    

    
    
    
        
            
                
	                
	                
	                	




<style type="text/css">
    /* 
    * Fix for UDP-1061. Average customer reviews has a small extra line on hover 
    * https://omni-grok.amazon.com/xref/src/appgroup/websiteTemplates/retail/SoftlinesDetailPageAssets/udp-intl-lock/src/legacy.css?indexName=WebsiteTemplates#40
    */
    .noUnderline a:hover { 
        text-decoration: none; 
    }
</style>



    
    
    
    
        

        
        
        

        
        
        
        
		
		
		
		
		        
		
		
		
		
		
		
		
		        
        

        <div id="averageCustomerReviews" class="a-spacing-none" data-asin="B00BSNACII" data-ref="dpx_acr_pop_" >
            
            
                
                
                
                    











    



        
            
            
                <span class="a-declarative" data-action="acrStarsLink-click-metrics" data-acrStarsLink-click-metrics="{}">
                    





    <span id="acrPopover" class="reviewCountTextLinkedHistogram noUnderline" title="4.5 von 5 Sternen">
        <span class="a-declarative" data-action="a-popover" data-a-popover="{&quot;max-width&quot;:&quot;700&quot;,&quot;closeButton&quot;:&quot;false&quot;,&quot;position&quot;:&quot;triggerBottom&quot;,&quot;url&quot;:&quot;/gp/customer-reviews/widgets/average-customer-review/popover/ref=dpx_acr_pop_?contextId=dpx&amp;asin=B00BSNACII&quot;}">
            <a href="javascript:void(0)" class="a-popover-trigger a-declarative">
                <a id="reviewStarsLinkedCustomerReviews" class="a-link-normal" href="#customerReviews">
                   

<i class="a-icon a-icon-star a-star-4-5"><span class="a-icon-alt">4.5 von 5 Sternen</span></i>
                
                </a>
            <i class="a-icon a-icon-popover"></i></a>
        </span>
        <span class="a-letter-space"></span>
    </span>


                </span>
                <span class="a-letter-space"></span>
            
        
        
        

        

        

        
        
        
        
        
        
        
            
            
                <span class="a-declarative" data-action="acrLink-click-metrics" data-acrLink-click-metrics="{}">
                    <a id="acrCustomerReviewLink" class="a-link-normal" href="#customerReviews">
                        <span id="acrCustomerReviewText" class="a-size-base">31 Kundenrezensionen</span>
                    </a>
                </span>
            
                <script type="text/javascript">
                    P.when('A', 'ready').execute(function(A) {
                        A.declarative('acrLink-click-metrics', 'click', { "allowLinkDefault" : true }, function(event){
                            if(window.ue) {
                                ue.count("acrLinkClickCount", (ue.count("acrLinkClickCount") || 0) + 1);
                            }
                        });
                    });
                </script>
            
            
            
            
        
        
        
            <script type="text/javascript">
                P.when('A', 'cf').execute(function(A) {
                    A.declarative('acrStarsLink-click-metrics', 'click', { "allowLinkDefault" : true },  function(event){
                        if(window.ue) {
                            ue.count("acrStarsLinkWithPopoverClickCount", (ue.count("acrStarsLinkWithPopoverClickCount") || 0) + 1);
                        }
                    });
                });
            </script>
        


                
            
        </div>
    


	                
                
            
        
        
        
        
        
        
    
    
    

    















    </div>





        
        
    
        
        
        
        









    <div id="ask_feature_div" class="feature" data-feature-name="ask">




    

    
    
    
        
            
                
	                
	                
	                	



<style type="text/css">
  #averageCustomerReviews, #averageCustomerReviews_feature_div, #ask_feature_div  {
     display: inline-block;
     *display: inline;
  }
</style>



  
    <span class="askPipe"> | </span>
  
  <span>
    <a class="a-link-normal askATFLink" href="/forum?asin=B00BSNACII">
      <span class="a-size-base">
        17 beantwortete Fragen
      </span>
    </a>
  </span>

  <style type="text/css">
    .askPipe {
        color: #666666;
        padding: 0 5px 0 5px;
    }
  </style>




	                
                
            
        
        
        
        
        
        
    
    
    

    















    </div>





        
        
    
        
        
        
        









    <div id="zeitgeistBadge_feature_div" class="feature" data-feature-name="zeitgeistBadge">




    

    
    
    
        
            
                
	                
	                
	                	














    
    
        <style type="text/css">
        .badge-wrapper{margin:5px 0 10px}
        .badge-wrapper .p13n-best-seller-badge{margin-right:4px;background-color:#E47911!important;font-size:12px;padding-top:2px;padding-bottom:2px;line-height:14px;font-weight:400}
        .badge-wrapper a.badge-link:hover{text-decoration:none}
        .badge-wrapper span.cat-name{color:#888;display:inline;margin-left:5px}
        .badge-wrapper .p13n-best-seller-badge:before{border-bottom-color:#E47911!important}
        .badge-wrapper .p13n-best-seller-badge:after{border-top-color:#E47911!important}
        .badge-wrapper .cat-link{color:#0066C0;font-size:12px}
        .badge-wrapper a:hover .cat-link{color:#E47911;text-decoration:underline}
        .badge-wrapper .rank-number{font-weight:700}
        </style>

        <div class="badge-wrapper">
        <a class="badge-link" href="/gp/bestsellers/grocery/ref=zg_b_bs_grocery_1" title="Lebensmittel & Getränke">
        <i class="a-icon a-icon-addon p13n-best-seller-badge">Bestseller Nr. <span class='rank-number'>1</span></i><span class="cat-name">in <span class='cat-link'>Lebensmittel & Getränke</span></span>
        </a>
        </div>
    



	                
                
            
        
        
        
        
        
        
    
    
    

    















    </div>





        
        
    
        
        
        
        












    

    
    
    
        
        
        
        
        
        	
        		
        		
					<hr/>
        		
        	
        
        
    
    
    

    



















        
        
    
        
        
        
        









    <div id="price_feature_div" class="feature" data-feature-name="price">




    

    
    
    
        
            
                
	                
	                
	                	









	
	
	
	
	
	
    
	
	    
	    
	    
	        









    
    
        <div id="price" class="a-section a-spacing-small">
        
        <table class="a-lineitem">
            
                
        		
        		
        			
        			
        				



        			
        			
        			
        				
        				
        				
        				
        				
        					
        					
        					
                            
                            
                            
                            
        					
        					
        				    
        				    
        				    
        
        				     
                            
        				        
        		                
        
        				        
        		                
        
                                
        
                                
                                    
                                    
                                

                                
                                
        
                                







<tr id="priceblock_ourprice_row">
    <td id="priceblock_ourprice_lbl" class="a-color-secondary a-size-base a-text-right a-nowrap">Preis:</td>
    <td class="a-span12">
        <span id="priceblock_ourprice" class="a-size-medium a-color-price">EUR 39,80</span>

        
         
            



<span class="a-size-small a-color-price"> (EUR 16,58 /  kg)</span>

        
        








        






        
        






        <span id="ourprice_shippingmessage">	
        	





























    <span class="a-size-base a-color-base">

<!-- TemplateId:Free_shipping_qualify_inline_display_template -->
<b>Kostenlose Lieferung.</b>  <a href='/gp/help/customer/display.html/ref=mk_sss_dp_1?ie=UTF8&pop-up=1&nodeId=504950' target='AmazonHelp' onclick="return amz_js_PopWin(this.href,'AmazonHelp','width=550,height=550,resizable=1,scrollbars=1,toolbar=0,status=0');">Details</a>
</span>




        </span>
        
        
        
        
    </td>
</tr>

        				    
        
                            
                            
        				    
        				    
        				    
        				    
                            
                            
        		
        					
        					

                            
                            





        		            
        					
        						
        						
									
										
										
									

        							
        							
        						
        					
        				
        			
        
        			
        			



    


    



	
		
	    
		    <tr id="vatMessage">
		        <td></td>
		        <td>
		            <span class="a-size-base">Alle Preisangaben inkl. MwSt.</span>
		        </td>
		    </tr>
		
	
   



        
        			
        			
        
        			
                    
                        
                            






                        
                    
        
        			
        			
        			
        			  
        			  
        			
        
        			
        			




        
        			
        			
        
        		
        	
        	
        	
        
            
            
            
            
            
        </table>
        </div>
    


	    
		
	
	
	
	

	                
                
            
        
        
        
        
        
        
    
    
    

    















    </div>





        
        
    
        
        
        
        









    <div id="pmpux_feature_div" class="feature" data-feature-name="pmpux">




    

    
    
    
        
            
                
	                
	                
	                	



	                
                
            
        
        
        
        
        
        
    
    
    

    















    </div>





        
        
    
        
        
        
        






        
        
    
        
        
        
        






        
        
    
        
        
        
        






        
        
    
        
        
        
        









    <div id="primenote_feature_div" class="feature" data-feature-name="primenote">




    

    
    
    
        
            
                
	                
	                
	                	






    

	                
                
            
        
        
        
        
        
        
    
    
    

    















    </div>





        
        
    
        
        
        
        






        
        
    
        
        
        
        









    <div id="availability_feature_div" class="feature" data-feature-name="availability">




    

    
    
    
        
            
                
	                
	                
	                	
















<div id="availability" class="a-section a-spacing-none">
    
    
    <span class="a-size-medium a-color-success">
        
            
            Auf Lager.
        
        
    </span>
    
    
    
</div>







  <div class="a-section a-spacing-none">
    
 </div>




    
        
    
    




	                
                
            
        
        
        
        
        
        
    
    
    

    















    </div>





        
        
    
        
        
        
        









    <div id="dynamicDeliveryMessage_feature_div" class="feature" data-feature-name="dynamicDeliveryMessage">




    

    
    
    
        
            
                
	                
	                
	                	



    
    
        
        
        
        
        
            
                
                    



    <div id="dynamicDeliveryMessage" class="a-section a-spacing-mini a-spacing-top-mini">
        
            
            <div id="ddmDeliveryMessage" class="a-section a-spacing-mini">
                
                    
                        <span class="a-text-bold">Lieferung Mittwoch, 25. Mai:</span> Bestellen Sie innerhalb <span id="ddmFastestCountdown" class="a-color-success">9 Stunden und 46 Minuten</span> per <span class="a-text-bold">Premiumversand</span> an der Kasse. <a href='/gp/help/customer/display.html/ref=ddm_ft_dp?ie=UTF8&nodeId=200281140&pop-up=1#' target='AmazonHelp' onclick="return amz_js_PopWin('/gp/help/customer/display.html/ref=ddm_ft_dp?ie=UTF8&nodeId=200281140&pop-up=1#','AmazonHelp','width=550,height=600,resizable=1,scrollbars=1,toolbar=1,status=1');">Siehe Details.</a>
                    
                    
                
            </div>
            
            
            
            
            
            
            
            
                <script type="text/javascript">
P.when("A","jQuery","cf").execute(function(A,$){
    window.registeredDDMCountdown || P.register("DDMCountdownComponent",function() {
        var countdonwHandler;
        return {
            init: function(ddmContext) {
                countdonwHandler || (countdonwHandler = new CountdownHandler(ddmContext));
            },
            start: function(fastSecondsLeftToOrder,cheapSecondsLeftToOrder) {
                countdonwHandler.start(fastSecondsLeftToOrder,cheapSecondsLeftToOrder);
            },
            stop: function() {
                countdonwHandler.stop();
            }
        };
    });
    window.registeredDDMCountdown = true;
    
    function CountdownHandler(ddmContext) {
        var strings = ddmContext.strings;
        var asin = ddmContext.asin;
        var shippingMessageSectionId = ddmContext.shippingMessageSectionId;
        var fastCountdownElementId = ddmContext.fastCountdownElementId;
        var cheapCountdownElementId = ddmContext.cheapCountdownElementId;
        var showAndInCountDown = ddmContext.showAndInCountDown;

        var fastCountdownTimer = null;
        var cheapCountdownTimer = null;

        this.start = function(fastSecondsLeftToOrder,cheapSecondsLeftToOrder) {
            this.stop();
            if (fastCountdownElementId && fastSecondsLeftToOrder > 0) {
                fastCountdownTimer = new CountdownTimer(strings,asin,shippingMessageSectionId,
                        fastCountdownElementId,fastSecondsLeftToOrder,showAndInCountDown);
                fastCountdownTimer.start();
            }
            if (cheapCountdownElementId && cheapSecondsLeftToOrder > 0) {
                cheapCountdownTimer = new CountdownTimer(strings,asin,shippingMessageSectionId,
                        cheapCountdownElementId,cheapSecondsLeftToOrder,showAndInCountDown);
                cheapCountdownTimer.start();
            }
        };
        this.stop = function() {
            if (fastCountdownTimer) {
                fastCountdownTimer.stop();
                fastCountdownTimer = null;
            }
            if (cheapCountdownTimer) {
                cheapCountdownTimer.stop();
                cheapCountdownTimer = null;
            }
        };
    };

    function CountdownTimer(strings, asin, shippingMessageSectionId, countdownElementId, secondsLeft,showAndInCountDown) {
        this.secondsLeft = secondsLeft;
        this.intervalHandle = null;

        this.start = function() {
            var thisObj = this;
            this.intervalHandle = A.interval(function(){
                if (thisObj) {
                    thisObj.updateCountdownText();
                }
            }, 1000);
        };

        this.stop = function() {
            if (this.intervalHandle) {
                window.clearInterval(this.intervalHandle);
            }
        };

        this.updateCountdownText = function() {
            this.secondsLeft --;
            if (this.secondsLeft > 0) {
                var remainMins = Math.floor(this.secondsLeft / 60);
                var minutes = remainMins % 60;
                var hours = Math.floor(remainMins / 60);
                var seconds = this.secondsLeft % 60;
                var hourString   = (hours > 1) ? strings.hours : strings.hour;
                var minuteString = (minutes > 1) ? strings.minutes : strings.minute;
                var secondString = (seconds > 1) ? strings.seconds : strings.second;
                var seperatorString = strings.timeSeperator;
                var andString = strings.and;

                var countdownText;
                if (hours > 0 && minutes > 0) {
                    if (showAndInCountDown) {
                        countdownText = hours + seperatorString + hourString + seperatorString + andString + seperatorString + minutes + seperatorString + minuteString;
                    } else {
                        countdownText = hours + seperatorString + hourString + seperatorString + minutes + seperatorString + minuteString;
                    }
                } else if ( hours > 0 && minutes == 0 ) {
                    countdownText = hours + seperatorString + hourString;
                } else if ( hours == 0 && minutes > 0 ) {
                    countdownText = minutes + seperatorString + minuteString;
                } else {
                    countdownText = seconds + seperatorString + secondString;
                }
                $(countdownElementId).html(countdownText);
            } else {
                this.stop();
                var refreshText = "<a href='/gp/product/"+asin+"'>"+strings.refreshTimeout+"</a>";
                $(shippingMessageSectionId).html(refreshText);
            }
        };
    };
});
</script>

            
            
            <script type="text/javascript">
                var context = {
                    strings: {
                        hour: "Stunde",
                        hours: "Stunden",
                        minute: "Minute",
                        minutes: "Minuten",
                        second: "Sekunde",
                        seconds: "Sekunden",
                        refreshTimeout: "Klicken Sie hier, um das neue voraussichtliche Lieferdatum zu sehen.",
                        timeSeperator: " ",
                        and: "und",
                        serverBusy: "Der Server ist leider gerade nicht verfügbar. Bitte versuchen Sie es später noch einmal."
                    },
                    fastCountdownElementId: "#ddmFastestCountdown",
                    cheapCountdownElementId: null,
                    shippingMessageSectionId: "#ddmDeliveryMessage",
                    asin: "B00BSNACII",showAndInCountDown: true
                };
                P.when("A", "jQuery").execute(function (A, $) {
                    var showVhvFeature = function() {
                        $("#veryHighValueMessage").removeClass("a-hidden");
                    };
                    var hideVhvFeature = function() {
                        $("#veryHighValueMessage").addClass("a-hidden"); 
                    };
                    P.when("DDMCountdownComponent").execute(function (countDownComp) {
                        countDownComp.init(context);
                        countDownComp.start(35216, 0);
                    });
                    
                    if (true) {
                        showVhvFeature();
                    } else {
                        hideVhvFeature();
                    }
                });
            </script>
        
    </div>

                
                
            
        
    


	                
                
            
        
        
        
        
        
        
    
    
    

    















    </div>





        
        
    
        
        
        
        









    <div id="shipsFromSoldBy_feature_div" class="feature" data-feature-name="shipsFromSoldBy">




    

    
    
    
        
            
                
	                
	                
	                	











<div id="merchant-info" class="a-section a-spacing-mini">
    
    

    
        
        
    

    
    
    
    
    
        Verkauf und Versand durch Amazon.
    
    

        
        
        
        
        
        
        Geschenkverpackung verfügbar.
        
        



</div>






	                
                
            
        
        
        
        
        
        
    
    
    

    















    </div>





        
        
    
        
        
        
        









    <div id="smileEligibility_feature_div" class="feature" data-feature-name="smileEligibility">




    

    
    
    
        
            
                
	                
	                
	                	





	                
                
            
        
        
        
        
        
        
    
    
    

    















    </div>





        
        
    
        
        
        
        






        
        
    
        
        
        
        









    <div id="holidayAvailabilityMessage_feature_div" class="feature" data-feature-name="holidayAvailabilityMessage">




    

    
    
    
        
            
                
	                
	                
	                	




	                
                
            
        
        
        
        
        
        
    
    
    

    















    </div>





        
        
    
        
        
        
        






        
        
    
        
        
        
        









    <div id="olp_feature_div" class="feature" data-feature-name="olp">




    

    
    
    
        
            
                
	                
	                
	                	











    



    <div class="a-section a-spacing-small a-spacing-top-small">
        
            <span class="olp-padding-right"><a href="/gp/offer-listing/B00BSNACII/ref=dp_olp_new?ie=UTF8&amp;condition=new">10&nbsp;neu</a>&nbsp;ab&nbsp;<span class='a-color-price'>EUR 39,80</span></span>
        

        

        
        
        
        
    </div>


	                
                
            
        
        
        
        
        
        
    
    
    

    















    </div>





        
        
    
        
        
        
        









    <div id="twister_feature_div" class="feature" data-feature-name="twister">




    

    
    
    
        
            
                
	                
	                
	                	






    
    
    
    
    
    
    
    
    
    
    
    	
    
    
    
      
    
   
   
    <div id="twisterContainer" class="addTwisterMargin" style="max-width:none">
        
            





        
        <form id="twister" action="/gp/product/handle-buy-box/ref=dp_start-bbf_1_glance" method="post" class="a-section a-spacing-small   " >
            



<span id="twisterNonJsData">
    <input type="hidden" name="ASIN" value="B013USRV1E">
    <input type="hidden" name="twisterDimKeys" value="size_name">
    <input type="hidden" name="noOfDims" value="1">
    <input type="hidden" name="" id="dummySubmitButton">
</span>
            
            
                
                
                    
                        


<div id="variation_size_name" class="a-section a-spacing-small">
    <div class="a-row a-spacing-micro singleton">
        <label>
            Größe:
        </label>
        
            <span class="selection">4 x 600g</span>
        

                    
    </div>
</div>

                    
                    
                    
                    
                    
                    
                    
                
            
        </form>
        
    </div>

    
    


	                
                
            
        
        
        
        
        
        
    
    
    

    






    










    </div>





        
        
    
        
        
        
        






        
        
    
        
        
        
        






        
        
    
        
        
        
        






        
        
    
        
        
        
        






        
        
    
        
        
        
        









    <div id="clickToContact_feature_div" class="feature" data-feature-name="clickToContact">




    

    
    
    
        
        
        
            
                
                    



                
                
            
        
        
        
        
    
    
    

    















    </div>





        
        
    
        
        
        
        









    <div id="featurebullets_feature_div" class="feature" data-feature-name="featurebullets">




    

    
    
    
        
            
                
	                
	                
	                	


<div id="feature-bullets" class="a-section a-spacing-medium a-spacing-top-small">
	
		
			
                               <ul class="a-vertical a-spacing-none">
					
					
						<li><span class="a-list-item"> Für eine gesunde Zukunft Ihres Kindes</span></li>
					
						<li><span class="a-list-item"> Aptamil Kindermilch 1+ eignet sich für Kleinkinder ab 1 Jahr als Milchgetränk zum Frühstück, Abendessen oder für zwischendurch</span></li>
					
						<li><span class="a-list-item"> Rezeptur entspricht den neuesten Empfehlungen zur Zusammensetzung</span></li>
					
						<li><span class="a-list-item"> mit Vitamin A, C & D - trägt auf natürliche Weise zu einem gesunden Immunsystem bei</span></li>
					
						<li><span class="a-list-item"> mit Vitamin D und Calcium - für das normale Wachstum und die Entwicklung der Knochen und mit altersgerecht reduziertem Eiweißgehalt</span></li>
					
				</ul>
			
			
		

		

		
			
			<div class="a-section">
			    <span class="caretnext">&#155;</span>
			    <a id="seeMoreDetailsLink" class="a-link-normal" href="#productDetails">Weitere Produktdetails</a>
			</div>
		

	
</div>

	                
                
            
        
        
        
        
        
        
    
    
    

    















    </div>





        
        
    
        
        
        
        









    <div id="addOnItem_feature_div" class="feature" data-feature-name="addOnItem">




    

    
    
    
        
            
                
	                
	                
	                	




	                
                
            
        
        
        
        
        
        
    
    
    

    















    </div>





        
        
    
        
        
        
        









    <div id="snsPromo_feature_div" class="feature" data-feature-name="snsPromo">




    

    
    
    
        
            
                
	                
	                
	                	





	                
                
            
        
        
        
        
        
        
    
    
    

    















    </div>





        
        
    
        
        
        
        









    <div id="andon-cord-pulling_feature_div" class="feature" data-feature-name="andonCordPulling">




    

    
    
    
        
        
        
        
        
        
    
    
    

    















    </div>





        
        
    
        
        
        
        









    <div id="originalPackagingMessage_feature_div" class="feature" data-feature-name="originalPackagingMessage">




    

    
    
    
        
            
                
	                
	                
	                	




	                
                
            
        
        
        
        
        
        
    
    
    

    















    </div>





        
        
    
        
        
        
        









    <div id="ageWarning_feature_div" class="feature" data-feature-name="ageWarning">




    

    
    
    
        
            
                
	                
	                
	                	



	                
                
            
        
        
        
        
        
        
    
    
    

    















    </div>





        
        
    
        
        
        
        









    <div id="newerVersion_feature_div" class="feature" data-feature-name="newerVersion">




    

    
    
    
        
            
                
	                
	                
	                	




    <div id="newer-version" class="a-row a-float-left">
        <hr class="a-spacing-small a-divider-normal">
        
		<h4>Für diesen Artikel ist eine neuere Version vorhanden:</h4>
        <div class="a-fixed-left-grid"><div class="a-fixed-left-grid-inner" style="padding-left:80px">
            <div class="a-fixed-left-grid-col a-col-left" style="width:80px;margin-left:-80px;_margin-left:-40px;float:left;">
                <div class="a-row">
                    <a class="a-link-normal" href="/APTAMIL-KINDERMILCH-PLUS-600G-Pack/dp/B014JFOLFQ/ref=dp_ob_image_grocery">
                        <img alt="APTAMIL KINDERMILCH PLUS 1+ 600G (5er Pack)" src="http://ecx.images-amazon.com/images/I/51uOF1RLpFL._SL75_.jpg">
                    </a>
                </div>
            </div>
            <div class="a-fixed-left-grid-col a-col-right" style="padding-left:0%;*width:99.6%;float:left;">
                <a class="a-size-base a-link-normal" href="/APTAMIL-KINDERMILCH-PLUS-600G-Pack/dp/B014JFOLFQ/ref=dp_ob_title_grocery">APTAMIL KINDERMILCH PLUS 1+ 600G (5er Pack)</a>
                <br>
                

                

                 
            </div>
        </div></div>
    </div>
    <span class="a-letter-space"></span>


	                
                
            
        
        
        
        
        
        
    
    
    

    















    </div>





        
        
    
        
        
        
        









    <div id="productAlert_feature_div" class="feature" data-feature-name="productAlert">




    

    
    
    
        
        
        
        
        
        
    
    
    

    















    </div>





        
        
    
        
        
        
        









    <div id="vendorPoweredCoupon_feature_div" class="feature" data-feature-name="vendorPoweredCoupon">




    

    
    
    
        
            
                
	                
	                
	                	

	                
                
            
        
        
        
        
        
        
    
    
    

    















    </div>





        
        
    
        
        
        
        






        
        
    
</div>

<div id="hqpWrapper" class="centerColAlign">
    
        
        
        
        









    <div id="heroQuickPromo_feature_div" class="feature" data-feature-name="heroQuickPromo">




    

    
    
    
        
        
        
        
        
        

<div id="hero-quick-promo-grid_feature_div">



<div id="hero-quick-promo" class="a-row a-spacing-medium">
    
    <hr class="a-spacing-medium a-divider-normal">
    







<div id="universal-hero-quick-promo">


<div class="a-section a-spacing-none">
    <div class="a-fixed-left-grid"><div class="a-fixed-left-grid-inner" style="padding-left:75px">
        <style type="text/css">
            .a-fixed-left-grid .a-fixed-left-grid-inner::after {clear:left;}
        </style>

        <div class="a-fixed-left-grid-col a-col-left" style="width:75px;margin-left:-75px;_margin-left:-37.5px;float:left;">
            <a class="a-link-normal" href="/b?node=9336975031&pf_rd_p=889438767&pf_rd_s=hero-quick-promo&pf_rd_t=201&pf_rd_i=B00BSNACII&pf_rd_m=A3JWKAKR8XB7XF&pf_rd_r=05RJQ27WRTNRY1YBHKCM">
                <img alt="" src="http://g-ecx.images-amazon.com/images/G/03/grocery/blogger/Startseite/main-page-Blogger-100-70._SS75_CB276113842_.gif" class="a-dynamic-image" height="75" width="75" data-a-dynamic-image="{}">
            </a>
        </div>

        <div class="a-fixed-left-grid-col a-col-right" style="padding-left:3.5%;*width:96.1%;float:left;">
            <div class="a-row">
                <span class="a-text-bold">Blogger und Food-Trends</span>
            </div>

            <div class="a-row">
                Entdecken Sie die neuesten Trends und Blogs. Unsere Blogger schreiben über verschiedene Themen mit individuellen Rezepten zum Nachmachen und warum gesunde Ernährung wichtig ist. 

 <a class="a-link-normal" title="Blogger und Food-Trends" href="/b?node=9336975031&pf_rd_p=889438767&pf_rd_s=hero-quick-promo&pf_rd_t=201&pf_rd_i=B00BSNACII&pf_rd_m=A3JWKAKR8XB7XF&pf_rd_r=05RJQ27WRTNRY1YBHKCM">Blogger und Food-Trends</a>
            </div>
        </div>
    </div></div>
</div>
</div>


  
</div>
<div style="clear:left; margin-bottom:5px"></div>

</div>

    
    
    

    















    </div>





        
        
    
</div>

<script type="text/javascript">setCSMReq('af');if(typeof addlongPoleTag === 'function'){ addlongPoleTag('af','desktop-html-atf-marker');};</script>

<div id="hover-zoom-end" class="a-section a-spacing-small a-padding-mini"></div>

<div id="bottomRow">
    
        
        
        
        









    <div id="bundle_feature_div" class="feature" data-feature-name="bundle">




    

    
    
    
        
            
                
	                
	                
	                	





	                
                
            
        
        
        
        
        
        
    
    
    

    















    </div>





        
        
    
        
        
        
        









    <div id="twisterJsInitializer_feature_div" class="feature" data-feature-name="twisterJsInitializer">




    

    
    
    
        
            
                
	                
	                
	                	





    
    
    




<script type="text/javascript">
P.register('twister-js-init-dpx-data', function() {
    var dataToReturn = {
        "dimensionsDisplayType"  : [
            "singleton",
        ],
        "isImmersiveExperience" : false,
        "immersiveBannersPresent" : true,
        "immersivePartialStateMessage" : "",
        "immersiveFullySelectedStateMessage" : "",
        "multiDimensionWeblabEnabled" : false, 
        "dimensionSelectionData" : [{"isSelected":1,"isRequired":0}],
        "updateDivLists" : {
                "full"    : [{"updateOnHover":0,"divToUpdate":"instantOrderUpdate_feature_div","customClientFunction":0,"isPrefetchable":1,"loadingBar":0},{"updateOnHover":0,"divToUpdate":"companyCompliancePolicies_feature_div","customClientFunction":0,"isPrefetchable":1,"loadingBar":0},{"updateOnHover":0,"divToUpdate":"thumbs-image","customClientFunction":1,"isPrefetchable":1,"loadingBar":0},{"updateOnHover":1,"divToUpdate":"twister-main-image","customClientFunction":1,"isPrefetchable":1,"loadingBar":0},{"updateOnHover":0,"divToUpdate":"machineTranslation_feature_div","customClientFunction":0,"isPrefetchable":1,"loadingBar":0},{"updateOnHover":0,"divToUpdate":"title_feature_div","customClientFunction":0,"isPrefetchable":1,"loadingBar":0},{"updateOnHover":0,"divToUpdate":"brandByline_feature_div","customClientFunction":0,"isPrefetchable":1,"loadingBar":0},{"updateOnHover":0,"divToUpdate":"averageCustomerReviews_feature_div","customClientFunction":0,"isPrefetchable":1,"loadingBar":0},{"updateOnHover":0,"divToUpdate":"ask_feature_div","customClientFunction":0,"isPrefetchable":1,"loadingBar":0},{"updateOnHover":0,"divToUpdate":"zeitgeistBadge_feature_div","customClientFunction":0,"isPrefetchable":1,"loadingBar":0},{"updateOnHover":0,"divToUpdate":"price_feature_div","customClientFunction":0,"isPrefetchable":1,"loadingBar":0},{"updateOnHover":0,"divToUpdate":"pmpux_feature_div","customClientFunction":0,"isPrefetchable":1,"loadingBar":0},{"updateOnHover":0,"divToUpdate":"primenote_feature_div","customClientFunction":0,"isPrefetchable":1,"loadingBar":0},{"updateOnHover":0,"divToUpdate":"availability_feature_div","customClientFunction":0,"isPrefetchable":1,"loadingBar":0},{"updateOnHover":0,"divToUpdate":"dynamicDeliveryMessage_feature_div","customClientFunction":0,"isPrefetchable":1,"loadingBar":0},{"updateOnHover":0,"divToUpdate":"shipsFromSoldBy_feature_div","customClientFunction":0,"isPrefetchable":1,"loadingBar":0},{"updateOnHover":0,"divToUpdate":"smileEligibility_feature_div","customClientFunction":0,"isPrefetchable":1,"loadingBar":0},{"updateOnHover":0,"divToUpdate":"holidayAvailabilityMessage_feature_div","customClientFunction":0,"isPrefetchable":1,"loadingBar":0},{"updateOnHover":0,"divToUpdate":"olp_feature_div","customClientFunction":0,"isPrefetchable":1,"loadingBar":0},{"updateOnHover":0,"divToUpdate":"clickToContact_feature_div","customClientFunction":0,"isPrefetchable":1,"loadingBar":0},{"updateOnHover":0,"divToUpdate":"featurebullets_feature_div","customClientFunction":0,"isPrefetchable":1,"loadingBar":1},{"updateOnHover":0,"divToUpdate":"addOnItem_feature_div","customClientFunction":0,"isPrefetchable":1,"loadingBar":0},{"updateOnHover":0,"divToUpdate":"snsPromo_feature_div","customClientFunction":0,"isPrefetchable":1,"loadingBar":0},{"updateOnHover":0,"divToUpdate":"originalPackagingMessage_feature_div","customClientFunction":0,"isPrefetchable":1,"loadingBar":0},{"updateOnHover":0,"divToUpdate":"ageWarning_feature_div","customClientFunction":0,"isPrefetchable":1,"loadingBar":0},{"updateOnHover":0,"divToUpdate":"newerVersion_feature_div","customClientFunction":0,"isPrefetchable":1,"loadingBar":0},{"updateOnHover":0,"divToUpdate":"vendorPoweredCoupon_feature_div","customClientFunction":0,"isPrefetchable":1,"loadingBar":0},{"updateOnHover":0,"divToUpdate":"tellAFriendBox_feature_div","customClientFunction":0,"isPrefetchable":1,"loadingBar":0},{"updateOnHover":0,"divToUpdate":"buybox_feature_div","customClientFunction":0,"isPrefetchable":1,"loadingBar":0},{"updateOnHover":0,"divToUpdate":"moreBuyingChoices_feature_div","customClientFunction":0,"isPrefetchable":1,"loadingBar":1},{"updateOnHover":0,"divToUpdate":"product-ads-feedback_feature_div","customClientFunction":0,"isPrefetchable":1,"loadingBar":0},{"updateOnHover":0,"divToUpdate":"servicesInterstitial_feature_div","customClientFunction":0,"isPrefetchable":1,"loadingBar":0},{"updateOnHover":0,"divToUpdate":"bundle_feature_div","customClientFunction":0,"isPrefetchable":1,"loadingBar":0},{"updateOnHover":0,"divToUpdate":"productDescription_feature_div","customClientFunction":0,"isPrefetchable":1,"loadingBar":0},{"updateOnHover":0,"divToUpdate":"aplus_feature_div","customClientFunction":0,"isPrefetchable":1,"loadingBar":0}],
                "partial" : [{"updateOnHover":0,"divToUpdate":"thumbs-image","customClientFunction":1,"isPrefetchable":1,"loadingBar":0},{"updateOnHover":1,"divToUpdate":"twister-main-image","customClientFunction":1,"isPrefetchable":1,"loadingBar":0},{"updateOnHover":0,"divToUpdate":"tellAFriendBox_feature_div","customClientFunction":0,"isPrefetchable":1,"loadingBar":0},{"updateOnHover":0,"divToUpdate":"aplus_feature_div","customClientFunction":0,"isPrefetchable":1,"loadingBar":0}],
                "parent"  : [{"updateOnHover":0,"divToUpdate":"instantOrderUpdate_feature_div","customClientFunction":0,"isPrefetchable":1,"loadingBar":0},{"updateOnHover":0,"divToUpdate":"companyCompliancePolicies_feature_div","customClientFunction":0,"isPrefetchable":1,"loadingBar":0},{"updateOnHover":0,"divToUpdate":"machineTranslation_feature_div","customClientFunction":0,"isPrefetchable":1,"loadingBar":0},{"updateOnHover":0,"divToUpdate":"title_feature_div","customClientFunction":0,"isPrefetchable":1,"loadingBar":0},{"updateOnHover":0,"divToUpdate":"brandByline_feature_div","customClientFunction":0,"isPrefetchable":1,"loadingBar":0},{"updateOnHover":0,"divToUpdate":"averageCustomerReviews_feature_div","customClientFunction":0,"isPrefetchable":1,"loadingBar":0},{"updateOnHover":0,"divToUpdate":"ask_feature_div","customClientFunction":0,"isPrefetchable":1,"loadingBar":0},{"updateOnHover":0,"divToUpdate":"zeitgeistBadge_feature_div","customClientFunction":0,"isPrefetchable":1,"loadingBar":0},{"updateOnHover":0,"divToUpdate":"price_feature_div","customClientFunction":0,"isPrefetchable":1,"loadingBar":0},{"updateOnHover":0,"divToUpdate":"pmpux_feature_div","customClientFunction":0,"isPrefetchable":1,"loadingBar":0},{"updateOnHover":0,"divToUpdate":"primenote_feature_div","customClientFunction":0,"isPrefetchable":1,"loadingBar":0},{"updateOnHover":0,"divToUpdate":"availability_feature_div","customClientFunction":0,"isPrefetchable":1,"loadingBar":0},{"updateOnHover":0,"divToUpdate":"dynamicDeliveryMessage_feature_div","customClientFunction":0,"isPrefetchable":1,"loadingBar":0},{"updateOnHover":0,"divToUpdate":"shipsFromSoldBy_feature_div","customClientFunction":0,"isPrefetchable":1,"loadingBar":0},{"updateOnHover":0,"divToUpdate":"smileEligibility_feature_div","customClientFunction":0,"isPrefetchable":1,"loadingBar":0},{"updateOnHover":0,"divToUpdate":"holidayAvailabilityMessage_feature_div","customClientFunction":0,"isPrefetchable":1,"loadingBar":0},{"updateOnHover":0,"divToUpdate":"olp_feature_div","customClientFunction":0,"isPrefetchable":1,"loadingBar":0},{"updateOnHover":0,"divToUpdate":"clickToContact_feature_div","customClientFunction":0,"isPrefetchable":1,"loadingBar":0},{"updateOnHover":0,"divToUpdate":"featurebullets_feature_div","customClientFunction":0,"isPrefetchable":1,"loadingBar":1},{"updateOnHover":0,"divToUpdate":"addOnItem_feature_div","customClientFunction":0,"isPrefetchable":1,"loadingBar":0},{"updateOnHover":0,"divToUpdate":"snsPromo_feature_div","customClientFunction":0,"isPrefetchable":1,"loadingBar":0},{"updateOnHover":0,"divToUpdate":"originalPackagingMessage_feature_div","customClientFunction":0,"isPrefetchable":1,"loadingBar":0},{"updateOnHover":0,"divToUpdate":"ageWarning_feature_div","customClientFunction":0,"isPrefetchable":1,"loadingBar":0},{"updateOnHover":0,"divToUpdate":"newerVersion_feature_div","customClientFunction":0,"isPrefetchable":1,"loadingBar":0},{"updateOnHover":0,"divToUpdate":"vendorPoweredCoupon_feature_div","customClientFunction":0,"isPrefetchable":1,"loadingBar":0},{"updateOnHover":0,"divToUpdate":"buybox_feature_div","customClientFunction":0,"isPrefetchable":1,"loadingBar":0},{"updateOnHover":0,"divToUpdate":"moreBuyingChoices_feature_div","customClientFunction":0,"isPrefetchable":1,"loadingBar":1},{"updateOnHover":0,"divToUpdate":"product-ads-feedback_feature_div","customClientFunction":0,"isPrefetchable":1,"loadingBar":0},{"updateOnHover":0,"divToUpdate":"servicesInterstitial_feature_div","customClientFunction":0,"isPrefetchable":1,"loadingBar":0},{"updateOnHover":0,"divToUpdate":"bundle_feature_div","customClientFunction":0,"isPrefetchable":1,"loadingBar":0},{"updateOnHover":0,"divToUpdate":"productDescription_feature_div","customClientFunction":0,"isPrefetchable":1,"loadingBar":0}],
                "master"  : []
        },
        "dpEnvironment" : "hardlines",   
        "ajaxUrlParams" : "&exclusiveMerchantId=A3JWKAKR8XB7XF&productTypeDefinition=GROCERY&productGroupId=grocery_display_on_website&parentAsin=B013USRV1E&isPrime=0&isOneClickEnabled=0&fastRenderTreatment=C",
        "isImmersiveViewEnabled" : false,
        "isImmersiveViewEnabledOnDim" : [
                   false,
                   ],
        "isSlotsEnabled" : [
                            false,
                            ],
        "maxSwatchesForImmersiveView"  : [0,],
        "dimensionsDisplaySubType"  : ["",]
        
        
        ,"displayTypeProperties"  : [
             
                 
                 
                 {}
             
             ]
        
    };
    return dataToReturn;
});
</script>


	                
                
            
        
        
        
        
        
        
    
    
    

    















    </div>





        
        
    
</div>









<!-- MarkAF -->

    







 
 






<div id="buyxgety_feature_div">






    
    
    














    <div id='sims-fbt' class='bucket'>
        <hr class="a-divider-normal bucketDivider"><h2>Wird oft zusammen gekauft</h2>
        <div id="sims-fbt-container" data-p13n-feature-metadata="{&quot;baseAsin&quot;:&quot;B00BSNACII&quot;,&quot;has_seller_difference&quot;:&quot;0&quot;,&quot;has_diff_avail&quot;:&quot;0&quot;}" data-p13n-feature-name="pd_bxgy_325" data-p13n-global="{&quot;marketplace&quot;:&quot;DE&quot;,&quot;requestId&quot;:&quot;05RJQ27WRTNRY1YBHKCM&quot;,&quot;marketplaceId&quot;:&quot;A1PA6795UKMFR9&quot;,&quot;session&quot;:&quot;280-6066651-0896728&quot;}" class="a-container">
            <div id='sims-fbt-content'>
                <form id="sims-fbt-form" name="BuyXGetYhandleBuy" method="post" action="/gp/item-dispatch/ref=pd_bxgy_325_button_crt/280-6066651-0896728?ie=UTF8&refRID=05RJQ27WRTNRY1YBHKCM" autocomplete="off">
                <input type="hidden" name="session-id" value="280-6066651-0896728"><input type="hidden" name="discoveredAsins.1" value="B00BSNAC9C"><input type="hidden" name="discoveredAsins.2" value="B00FF6EHI0">
                <div>
                    <ul class="a-nostyle a-horizontal a-spacing-base a-spacing-top-base sims-fbt-image-box">
        <li class="a-align-center sims-fbt-image-1"><span class="a-list-item"><div class="a-section"><img alt="Aptamil Kindermilch 1+ ab 1 Jahr, 4er Pack (4 x 600 g)" src="http://ecx.images-amazon.com/images/I/51Lfv-i-z6L._AC_UL115_.jpg" class="sims-fbt-image"></div></span></li><li class="a-align-center sims-fbt-plus-2"><span class="a-list-item a-size-large a-color-tertiary">+</span></li><li class="a-align-center sims-fbt-image-2"><span class="a-list-item"><a class="a-link-normal" href="/Aptamil-Kindermilch-Jahren-4er-Pack/dp/B00BSNAC9C/ref=pd_bxgy_325_img_2/280-6066651-0896728?ie=UTF8&refRID=05RJQ27WRTNRY1YBHKCM"><div class="a-section"><img alt="Aptamil Kindermilch 2+ ab 2 Jahren, 4er Pack (4 x 600 g)" src="http://ecx.images-amazon.com/images/I/51-0dVWuw4L._AC_UL115_.jpg" class="sims-fbt-image"></div></a></span></li><li class="a-align-center sims-fbt-plus-3"><span class="a-list-item a-size-large a-color-tertiary">+</span></li><li class="a-align-center sims-fbt-image-3"><span class="a-list-item"><a class="a-link-normal" href="/Aptamil-Pronutra-Folgemilch-nach-Monat/dp/B00FF6EHI0/ref=pd_bxgy_325_img_3/280-6066651-0896728?ie=UTF8&refRID=05RJQ27WRTNRY1YBHKCM"><div class="a-section"><img alt="Aptamil Pronutra 2 Folgemilch, nach dem 6. Monat, 3er Pack (3 x 1.2 kg)" src="http://ecx.images-amazon.com/images/I/51ar2wnGeJL._AC_UL115_.jpg" class="sims-fbt-image"></div></a></span></li>
        </ul>
                    <div class='sims-fbt-price-box'>
                        <div class='sims-fbt-total-price'><span class="a-size-base a-color-secondary sims-fbt-total-price-text">Gesamtpreis: </span><span class="a-size-medium a-color-price sims-fbt-total-price-value">EUR 139,28</span></div>
                        <div class='sims-fbt-buttons'><div class="a-button-stack a-spacing-mini">
                            <span class="a-button a-button-primary a-button-small sims-fbt-add-to-cart"><span class="a-button-inner"><input name="submit.addToCart" class="a-button-input" type="submit"><span class="a-button-text" aria-hidden="true">Alle drei in den Einkaufswagen</span></span></span>
                            
                        </div></div>
                        <script type="a-state" data-a-state="{&quot;key&quot;:&quot;sims-fbt&quot;}">{"addToCartText":{"1":"In den Einkaufswagen","3":"Alle drei in den Einkaufswagen","2":"Beides in den Einkaufswagen"},"allOfferListingIDs":["FL8Rdnv2KTfzLuppvmSSpsdPJEDSsPzvb%2BofqzeMA2%2BBhUecKpA8qIXHe52llah%2FPRWCKqKRPzkG%2F2AKeY9P7lMwxtKhl03fH6u5FR%2FKskQ%3D","49qgzE3LJs1MXn%2B62T%2Bo4evhBAbEjQJ0MAwBUxXsmo6Wr2gIbuE1uBSn46Fsu2MtwYOsBBkqBUnVNu8xXwDH9R%2BnFs%2BO3dSLgJARMcabz8I%3D","WziphkUsi1dYDD%2BSrZ0O4GRA60fGOE6072tev2URmHzEN0ipcD%2Bk7Oe5Af6nILbZ4J6ef44lTfPFHTHx1SfgJpjyKdyMVMvcVZQ3tHDwKag%3D"],"currencySymbol":"EUR <span class=\"sims-fbt-price-value\"></span>","currencyCode":"EUR","MAPText":"Um unseren Preis zu sehen, legen Sie diese Artikel in Ihren Einkaufswagen. <a class=\"a-link-normal sims-fbt-map-details-link\" href=\"/gp/feature.html/ref=pd_bxgy_325_map/280-6066651-0896728?ie=UTF8&docId=174014&refRID=05RJQ27WRTNRY1YBHKCM\">Warum zeigen wir den Preis nicht an?</a>","shippingDetails":{"123":"same","23":"same","13":"same","12":"same"},"itemDetails":{"49qgzE3LJs1MXn%2B62T%2Bo4evhBAbEjQJ0MAwBUxXsmo6Wr2gIbuE1uBSn46Fsu2MtwYOsBBkqBUnVNu8xXwDH9R%2BnFs%2BO3dSLgJARMcabz8I%3D":{"asin":"B00BSNAC9C","isPreorder":0,"price":39.8,"doesMAPPolicyApply":0},"FL8Rdnv2KTfzLuppvmSSpsdPJEDSsPzvb%2BofqzeMA2%2BBhUecKpA8qIXHe52llah%2FPRWCKqKRPzkG%2F2AKeY9P7lMwxtKhl03fH6u5FR%2FKskQ%3D":{"asin":"B00BSNACII","isPreorder":0,"price":39.8,"doesMAPPolicyApply":0},"WziphkUsi1dYDD%2BSrZ0O4GRA60fGOE6072tev2URmHzEN0ipcD%2Bk7Oe5Af6nILbZ4J6ef44lTfPFHTHx1SfgJpjyKdyMVMvcVZQ3tHDwKag%3D":{"asin":"B00FF6EHI0","isPreorder":0,"price":59.68,"doesMAPPolicyApply":0}},"addToWishListText":{"1":"Zum Wunschzettel hinzufügen","3":"Alle drei zum Wunschzettel hinzufügen","2":"Beide zum Wunschzettel hinzufügen"},"preOrderText":null,"fbtStrings":null}</script>
                    </div>
                </div>
                
                <div class='sims-fbt-rows'><fieldset class="forScreenreaders"><legend><span>Die ausgewählten Artikel zusammen kaufen</span></legend><ul class="a-nostyle a-vertical"><li data-p13n-asin-metadata="{&quot;ref&quot;:&quot;pd_bxgy_325_1_1&quot;,&quot;price&quot;:39.8,&quot;asin&quot;:&quot;B00BSNACII&quot;}" class="a-spacing-mini p13n-asin"><span class="a-list-item"><span class="a-declarative" data-action="fbt-checkbox-click" data-fbt-checkbox-click="{&quot;itemNum&quot;:&quot;1&quot;,&quot;offerListingID&quot;:&quot;FL8Rdnv2KTfzLuppvmSSpsdPJEDSsPzvb%2BofqzeMA2%2BBhUecKpA8qIXHe52llah%2FPRWCKqKRPzkG%2F2AKeY9P7lMwxtKhl03fH6u5FR%2FKskQ%3D&quot;,&quot;asin&quot;:&quot;B00BSNACII&quot;}"><div data-a-input-name="offeringID.1" class="a-checkbox sims-fbt-checkbox"><label><input type="checkbox" name="offeringID.1" value="FL8Rdnv2KTfzLuppvmSSpsdPJEDSsPzvb%2BofqzeMA2%2BBhUecKpA8qIXHe52llah%2FPRWCKqKRPzkG%2F2AKeY9P7lMwxtKhl03fH6u5FR%2FKskQ%3D" checked><i class="a-icon a-icon-checkbox"></i><span class="a-label a-checkbox-label"><div class = 'sims-fbt-checkbox-label'><span class="sims-fbt-this-item a-text-bold">Dieser Artikel:</span><span>Aptamil Kindermilch 1+ ab 1 Jahr, 4er Pack (4 x 600 g)</span> <span class="a-color-price">EUR 39,80<span class="a-size-small a-color-secondary sims-fbt-price-ppu">(EUR 16,58 /  kg)</span></span> <div class="a-row a-spacing-micro a-spacing-top-micro a-size-small a-color-secondary sims-fbt-seller-info"><div class="a-row"><span class="a-size-base a-color-success">Auf Lager.</span></div><div class="a-row"><span class="a-size-base a-color-secondary a-text-normal">Versandt und verkauft von Amazon.de.</span></div><div class="a-row"><span class="a-size-base a-color-secondary a-text-normal"><b>Kostenlose Lieferung.</b> <a class="a-link-normal sims-fbt-details-help-link" target="AmazonHelp" href="/gp/help/customer/display.html/ref=pd_bxgy_325_1_sdc_sdc_1/280-6066651-0896728?ie=UTF8&nodeId=504950&pop-up=1&refRID=05RJQ27WRTNRY1YBHKCM">Details</a></span></div></div></div></span></label></div></span></span></li><li data-p13n-asin-metadata="{&quot;ref&quot;:&quot;pd_bxgy_325_2_2&quot;,&quot;price&quot;:39.8,&quot;asin&quot;:&quot;B00BSNAC9C&quot;}" class="a-spacing-mini p13n-asin"><span class="a-list-item"><span class="a-declarative" data-action="fbt-checkbox-click" data-fbt-checkbox-click="{&quot;itemNum&quot;:&quot;2&quot;,&quot;offerListingID&quot;:&quot;49qgzE3LJs1MXn%2B62T%2Bo4evhBAbEjQJ0MAwBUxXsmo6Wr2gIbuE1uBSn46Fsu2MtwYOsBBkqBUnVNu8xXwDH9R%2BnFs%2BO3dSLgJARMcabz8I%3D&quot;,&quot;asin&quot;:&quot;B00BSNAC9C&quot;}"><div data-a-input-name="offeringID.2" class="a-checkbox sims-fbt-checkbox"><label><input type="checkbox" name="offeringID.2" value="49qgzE3LJs1MXn%2B62T%2Bo4evhBAbEjQJ0MAwBUxXsmo6Wr2gIbuE1uBSn46Fsu2MtwYOsBBkqBUnVNu8xXwDH9R%2BnFs%2BO3dSLgJARMcabz8I%3D" checked><i class="a-icon a-icon-checkbox"></i><span class="a-label a-checkbox-label"><div class = 'sims-fbt-checkbox-label'><a class="a-size-base a-link-normal" href="/Aptamil-Kindermilch-Jahren-4er-Pack/dp/B00BSNAC9C/ref=pd_bxgy_325_2/280-6066651-0896728?ie=UTF8&refRID=05RJQ27WRTNRY1YBHKCM">Aptamil Kindermilch 2+ ab 2 Jahren, 4er Pack (4 x 600 g)</a> <span class="a-color-price">EUR 39,80<span class="a-size-small a-color-secondary sims-fbt-price-ppu">(EUR 16,58 /  kg)</span></span> <div class="a-row a-spacing-micro a-spacing-top-micro a-size-small a-color-secondary sims-fbt-seller-info"><div class="a-row"><span class="a-size-base a-color-success">Auf Lager.</span></div><div class="a-row"><span class="a-size-base a-color-secondary a-text-normal">Versandt und verkauft von Amazon.de.</span></div><div class="a-row"><span class="a-size-base a-color-secondary a-text-normal"><b>Kostenlose Lieferung.</b> <a class="a-link-normal sims-fbt-details-help-link" target="AmazonHelp" href="/gp/help/customer/display.html/ref=pd_bxgy_325_2_sdc_sdc_2/280-6066651-0896728?ie=UTF8&nodeId=504950&pop-up=1&refRID=05RJQ27WRTNRY1YBHKCM">Details</a></span></div></div></div></span></label></div></span></span></li><li data-p13n-asin-metadata="{&quot;ref&quot;:&quot;pd_bxgy_325_3_3&quot;,&quot;price&quot;:59.68,&quot;asin&quot;:&quot;B00FF6EHI0&quot;}" class="a-spacing-mini p13n-asin"><span class="a-list-item"><span class="a-declarative" data-action="fbt-checkbox-click" data-fbt-checkbox-click="{&quot;itemNum&quot;:&quot;3&quot;,&quot;offerListingID&quot;:&quot;WziphkUsi1dYDD%2BSrZ0O4GRA60fGOE6072tev2URmHzEN0ipcD%2Bk7Oe5Af6nILbZ4J6ef44lTfPFHTHx1SfgJpjyKdyMVMvcVZQ3tHDwKag%3D&quot;,&quot;asin&quot;:&quot;B00FF6EHI0&quot;}"><div data-a-input-name="offeringID.3" class="a-checkbox sims-fbt-checkbox"><label><input type="checkbox" name="offeringID.3" value="WziphkUsi1dYDD%2BSrZ0O4GRA60fGOE6072tev2URmHzEN0ipcD%2Bk7Oe5Af6nILbZ4J6ef44lTfPFHTHx1SfgJpjyKdyMVMvcVZQ3tHDwKag%3D" checked><i class="a-icon a-icon-checkbox"></i><span class="a-label a-checkbox-label"><div class = 'sims-fbt-checkbox-label'><a class="a-size-base a-link-normal" href="/Aptamil-Pronutra-Folgemilch-nach-Monat/dp/B00FF6EHI0/ref=pd_bxgy_325_3/280-6066651-0896728?ie=UTF8&refRID=05RJQ27WRTNRY1YBHKCM">Aptamil Pronutra 2 Folgemilch, nach dem 6. Monat, 3er Pack (3 x 1.2 kg)</a> <span class="a-color-price">EUR 59,68<span class="a-size-small a-color-secondary sims-fbt-price-ppu">(EUR 16,58 /  kg)</span></span> <div class="a-row a-spacing-micro a-spacing-top-micro a-size-small a-color-secondary sims-fbt-seller-info"><div class="a-row"><span class="a-size-base a-color-success">Auf Lager.</span></div><div class="a-row"><span class="a-size-base a-color-secondary a-text-normal">Versandt und verkauft von Amazon.de.</span></div><div class="a-row"><span class="a-size-base a-color-secondary a-text-normal"><b>Kostenlose Lieferung.</b> <a class="a-link-normal sims-fbt-details-help-link" target="AmazonHelp" href="/gp/help/customer/display.html/ref=pd_bxgy_325_3_sdc_sdc_3/280-6066651-0896728?ie=UTF8&nodeId=504950&pop-up=1&refRID=05RJQ27WRTNRY1YBHKCM">Details</a></span></div></div></div></span></label></div></span></span></li></ul></fieldset></div>
                </form>
            </div>
        </div>
    </div>
    











</div>


<div id="purchase-similarities_feature_div">






    
    
    















<hr class="a-divider-normal sims-carousel-heading bucketDivider">
        <div id="purchase-sims-feature" class="a-section a-spacing-large bucket">
            
        <div data-a-carousel-options="{&quot;ajax&quot;:{&quot;params&quot;:{&quot;featureId&quot;:&quot;SimilaritiesCarousel&quot;,&quot;reftagPrefix&quot;:&quot;pd_sim_325&quot;,&quot;widgetTemplateClass&quot;:&quot;PI::Similarities::ViewTemplates::Carousel::Desktop&quot;,&quot;imageHeight&quot;:160,&quot;faceoutTemplateClass&quot;:&quot;PI::P13N::ViewTemplates::Product::Desktop::CarouselFaceout&quot;,&quot;auiDeviceType&quot;:&quot;desktop&quot;,&quot;imageWidth&quot;:160,&quot;schemaVersion&quot;:2,&quot;productDetailsTemplateClass&quot;:&quot;PI::P13N::ViewTemplates::ProductDetails::Desktop::Base&quot;,&quot;relatedRequestID&quot;:&quot;05RJQ27WRTNRY1YBHKCM&quot;,&quot;maxLineCount&quot;:6},&quot;id_list&quot;:[&quot;B00BSNAC9C&quot;,&quot;B00FF6EHCG&quot;,&quot;B00D8V092W&quot;,&quot;B007X2CL6E&quot;,&quot;B004X0XAFK&quot;,&quot;B004X0XALE&quot;,&quot;B00D8V08UK&quot;,&quot;B004X0XBD6&quot;,&quot;B00FF6EH9Y&quot;,&quot;B016WEDI6K&quot;,&quot;B004X0X9TC&quot;,&quot;B005GIG1EA&quot;,&quot;B004X0XB3G&quot;,&quot;B00C7P950W&quot;,&quot;B008V8YZMM&quot;,&quot;B003R7KV34&quot;,&quot;B0084CRNBA&quot;,&quot;B00BSNACBU&quot;,&quot;B004X0XA6E&quot;,&quot;B016WEDHW0&quot;,&quot;B01BEZ14TA&quot;,&quot;B00D8V091S&quot;,&quot;B016WEDI60&quot;,&quot;B004FZ53HG&quot;,&quot;B00YPHX3KS&quot;,&quot;B012GZQU32&quot;,&quot;B00X7NBAVK&quot;,&quot;B00C1C2GIY&quot;,&quot;B00L4X8O5K&quot;,&quot;B009IH7MOS&quot;,&quot;B00U8IT2XA&quot;,&quot;B00WHV0QYK&quot;,&quot;B012GZQUU0&quot;,&quot;B0049MGV9Y&quot;,&quot;B003R7KW88&quot;,&quot;B01EY3WDP8&quot;,&quot;B01AWH5K9G&quot;,&quot;B012GZR5L8&quot;,&quot;B00DYT73RC&quot;,&quot;B00YPHX0M4&quot;,&quot;B01E6PP3HY&quot;,&quot;B00U8TQL0Q&quot;,&quot;B0052CJQCO&quot;,&quot;B01BNFSQRO&quot;,&quot;B00C7P951G&quot;,&quot;B00JXDASFW&quot;,&quot;B01AWH5K2I&quot;,&quot;B00YPHX060&quot;,&quot;B0196J948Y&quot;,&quot;B0052CK6DW&quot;,&quot;B00KS2ZEFQ&quot;,&quot;B0144K57JU&quot;,&quot;B00E67H7HM&quot;,&quot;B00TPM71EM&quot;,&quot;B00PVKUNII&quot;,&quot;B007FAVFV6&quot;,&quot;B01E6PP6LC&quot;,&quot;B0071IBQ6Q&quot;,&quot;B01AWH5JU6&quot;,&quot;B005SMW4P4&quot;,&quot;B00OY9J5L8&quot;,&quot;B00MTSDHEC&quot;,&quot;B006JHWIX0&quot;,&quot;B012GZRFZY&quot;,&quot;B000B4UHHQ&quot;,&quot;B01AWH4WY0&quot;,&quot;B01AWH4X08&quot;,&quot;B0084DATEW&quot;,&quot;B00KS2ZF78&quot;,&quot;B0052CK736&quot;,&quot;B01E6PP6VC&quot;,&quot;B01BEZ14PE&quot;,&quot;B00EUY1FG0&quot;,&quot;B01BEZ1FG2&quot;,&quot;B00L10WXKS&quot;,&quot;B01B83PDUO&quot;,&quot;B00UE18GAQ&quot;,&quot;B01BEZ14Z4&quot;,&quot;B01AWH5OGK&quot;,&quot;B0052CJ0SY&quot;,&quot;B003R7KW7Y&quot;,&quot;B00JR33YZ4&quot;,&quot;B0052CJ02U&quot;,&quot;B00MBKIUXQ&quot;],&quot;url&quot;:&quot;/gp/p13n-shared/faceout-partial&quot;,&quot;id_param_name&quot;:&quot;asins&quot;},&quot;baseAsin&quot;:&quot;B00BSNACII&quot;,&quot;name&quot;:&quot;purchase&quot;,&quot;set_size&quot;:84}" data-p13n-feature-metadata="{&quot;baseAsin&quot;:&quot;B00BSNACII&quot;}" data-p13n-feature-name="pd_sim_325" data-p13n-global="{&quot;auiDeviceType&quot;:&quot;desktop&quot;,&quot;marketplaceId&quot;:&quot;A1PA6795UKMFR9&quot;,&quot;requestId&quot;:&quot;05RJQ27WRTNRY1YBHKCM&quot;,&quot;marketplace&quot;:&quot;DE&quot;,&quot;session&quot;:&quot;280-6066651-0896728&quot;}" data-a-display-strategy="swap" data-a-transition-strategy="swap" data-a-class="desktop" class="a-carousel-container a-carousel-static a-carousel-display-swap a-carousel-transition-swap similarities-aui-carousel p13n-sc-carousel"><input autocomplete="on" type="hidden" class="a-carousel-firstvisibleitem">
            <div class="a-row a-carousel-header-row a-size-large"><div class="a-column a-span8"><h2 class="a-carousel-heading">Kunden, die diesen Artikel gekauft haben, kauften auch</h2></div><div class="a-column a-span4 a-span-last a-text-right"><span class="a-carousel-pagination a-size-base"><span class="a-carousel-page-count">Seite <span class="a-carousel-page-current">1</span> von <span class="a-carousel-page-max">1</span>  </span><span class="a-carousel-restart-container"><span class="a-text-separator"></span><a class="a-carousel-restart" href="#">Zum Anfang</a></span><span class="a-carousel-accessibility-page-info a-offscreen" aria-live="polite">Seite 1 von 1  </span></span></div></div>
            <span class="aok-offscreen p13n-sc-offscreen">Diese Einkaufsfunktion wird weiterhin Artikel laden. Um aus diesem Karussell zu navigieren, benutzen Sie bitte Ihre Überschrift-Tastenkombination, um zur nächsten oder vorherigen Überschrift zu navigieren.</span>
            
            <div class="a-row a-carousel-controls a-carousel-row a-carousel-has-buttons"><div class="a-carousel-row-inner"><div class="a-carousel-col a-carousel-left"><a class="a-button a-button-image a-carousel-button a-carousel-goto-prevpage" tabindex="0" href="#"><span class="a-button-inner"><i class="a-icon a-icon-previous"><span class="a-icon-alt">Zurück</span></i></span></a></div><div class="a-carousel-col a-carousel-center"><div class="a-carousel-viewport"><ol class="a-carousel" role="list">
                <li class="a-carousel-card a-float-left" role="listitem">
        <div data-asin="B00BSNAC9C" data-p13n-asin-metadata="{&quot;ref&quot;:&quot;pd_sim_325_1&quot;,&quot;asin&quot;:&quot;B00BSNAC9C&quot;}" data-ref="pd_sim_325_1" class="a-section a-spacing-none p13nimp p13n-asin">
            <a class="a-link-normal" href="/Aptamil-Kindermilch-Jahren-4er-Pack/dp/B00BSNAC9C/ref=pd_sim_325_1/280-6066651-0896728?ie=UTF8&dpID=51-0dVWuw4L&dpSrc=sims&preST=_AC_UL160_SR107%2C160_&refRID=05RJQ27WRTNRY1YBHKCM"><div class="a-section a-spacing-mini"><img alt="Aptamil Kindermilch 2+ ab 2 Jahren, 4er Pack (4 x 600 g)" src="http://ecx.images-amazon.com/images/I/51-0dVWuw4L._AC_UL160_SR107,160_.jpg" class="a-dynamic-image" height="160" width="107" data-a-dynamic-image="{&quot;http://ecx.images-amazon.com/images/I/51-0dVWuw4L._AC_UL480_SR321,480_.jpg&quot;:[480,321],&quot;http://ecx.images-amazon.com/images/I/51-0dVWuw4L._AC_UL160_SR107,160_.jpg&quot;:[160,107],&quot;http://ecx.images-amazon.com/images/I/51-0dVWuw4L._AC_UL320_SR214,320_.jpg&quot;:[320,214]}"></div>
        <div class="p13n-sc-truncate p13n-sc-line-clamp-4" aria-hidden="true" data-rows="4">
            Aptamil Kindermilch 2+ ab 2 Jahren, 4er Pack (4 x 600 g)
        </div>
    </a>
            
        <div class="a-icon-row a-spacing-none">
            <a class="a-link-normal" title="4.9 von 5 Sternen" href="/product-reviews/B00BSNAC9C/ref=pd_sim_325_cr_1/280-6066651-0896728?ie=UTF8&refRID=05RJQ27WRTNRY1YBHKCM">
                <i class="a-icon a-icon-star a-star-5"><span class="a-icon-alt">4,9 von 5 Sternen</span></i>
            </a>
            <a class="a-size-small a-link-normal" href="/product-reviews/B00BSNAC9C/ref=pd_sim_325_cr_1/280-6066651-0896728?ie=UTF8&refRID=05RJQ27WRTNRY1YBHKCM">19</a>
        </div>
    <div class="a-row"><span class="a-size-base a-color-price">EUR 39,80</span> <span class="a-size-mini a-color-secondary">(EUR 16,58 /  kg)</span> <span style="position: relative; top: 2px;"><i class="a-icon a-icon-prime a-icon-small" aria-label="Prime"><span class="a-icon-alt">Prime</span></i></span></div>
        </div>
    </li><li class="a-carousel-card a-float-left" role="listitem">
        <div data-asin="B00FF6EHCG" data-p13n-asin-metadata="{&quot;ref&quot;:&quot;pd_sim_325_2&quot;,&quot;asin&quot;:&quot;B00FF6EHCG&quot;}" data-ref="pd_sim_325_2" class="a-section a-spacing-none p13nimp p13n-asin">
            <a class="a-link-normal" href="/Aptamil-Pronutra-Folgemilch-Monat-Pack/dp/B00FF6EHCG/ref=pd_sim_325_2/280-6066651-0896728?ie=UTF8&dpID=514NCoAWMrL&dpSrc=sims&preST=_AC_UL160_SR105%2C160_&refRID=05RJQ27WRTNRY1YBHKCM"><div class="a-section a-spacing-mini"><img alt="Aptamil Pronutra 3 Folgemilch, ab dem 10. Monat, 3er Pack (3 x 1.2 kg)" src="http://ecx.images-amazon.com/images/I/514NCoAWMrL._AC_UL160_SR105,160_.jpg" class="a-dynamic-image" height="160" width="105" data-a-dynamic-image="{&quot;http://ecx.images-amazon.com/images/I/514NCoAWMrL._AC_UL160_SR105,160_.jpg&quot;:[160,105],&quot;http://ecx.images-amazon.com/images/I/514NCoAWMrL._AC_UL480_SR315,480_.jpg&quot;:[480,315],&quot;http://ecx.images-amazon.com/images/I/514NCoAWMrL._AC_UL320_SR210,320_.jpg&quot;:[320,210]}"></div>
        <div class="p13n-sc-truncate p13n-sc-line-clamp-4" aria-hidden="true" data-rows="4">
            Aptamil Pronutra 3 Folgemilch, ab dem 10. Monat, 3er Pack (3 x 1.2 kg)
        </div>
    </a>
            
        <div class="a-icon-row a-spacing-none">
            <a class="a-link-normal" title="4.9 von 5 Sternen" href="/product-reviews/B00FF6EHCG/ref=pd_sim_325_cr_2/280-6066651-0896728?ie=UTF8&refRID=05RJQ27WRTNRY1YBHKCM">
                <i class="a-icon a-icon-star a-star-5"><span class="a-icon-alt">4,9 von 5 Sternen</span></i>
            </a>
            <a class="a-size-small a-link-normal" href="/product-reviews/B00FF6EHCG/ref=pd_sim_325_cr_2/280-6066651-0896728?ie=UTF8&refRID=05RJQ27WRTNRY1YBHKCM">11</a>
        </div>
    <div class="a-row"><span class="a-size-base a-color-price">EUR 59,68</span> <span class="a-size-mini a-color-secondary">(EUR 16,58 /  kg)</span> <span style="position: relative; top: 2px;"><i class="a-icon a-icon-prime a-icon-small" aria-label="Prime"><span class="a-icon-alt">Prime</span></i></span></div>
        </div>
    </li><li class="a-carousel-card a-float-left" role="listitem">
        <div data-asin="B00D8V092W" data-p13n-asin-metadata="{&quot;ref&quot;:&quot;pd_sim_325_3&quot;,&quot;asin&quot;:&quot;B00D8V092W&quot;}" data-ref="pd_sim_325_3" class="a-section a-spacing-none p13nimp p13n-asin">
            <a class="a-link-normal" href="/Aptamil-Pronutra-Folgemilch-nach-Monat/dp/B00D8V092W/ref=pd_sim_325_3/280-6066651-0896728?ie=UTF8&dpID=51jik-eIqPL&dpSrc=sims&preST=_AC_UL160_SR98%2C160_&refRID=05RJQ27WRTNRY1YBHKCM"><div class="a-section a-spacing-mini"><img alt="Aptamil Pronutra 2 Folgemilch, nach dem 6. Monat, 4er Pack (4 x 800 g)" src="http://ecx.images-amazon.com/images/I/51jik-eIqPL._AC_UL160_SR98,160_.jpg" class="a-dynamic-image" height="160" width="98" data-a-dynamic-image="{&quot;http://ecx.images-amazon.com/images/I/51jik-eIqPL._AC_UL160_SR98,160_.jpg&quot;:[160,98],&quot;http://ecx.images-amazon.com/images/I/51jik-eIqPL._AC_UL480_SR294,480_.jpg&quot;:[480,294],&quot;http://ecx.images-amazon.com/images/I/51jik-eIqPL._AC_UL320_SR196,320_.jpg&quot;:[320,196]}"></div>
        <div class="p13n-sc-truncate p13n-sc-line-clamp-5" aria-hidden="true" data-rows="5">
            Aptamil Pronutra 2 Folgemilch, nach dem 6. Monat, 4er Pack (4 x 800 g)
        </div>
    </a>
            
        <div class="a-icon-row a-spacing-none">
            <a class="a-link-normal" title="4.8 von 5 Sternen" href="/product-reviews/B00D8V092W/ref=pd_sim_325_cr_3/280-6066651-0896728?ie=UTF8&refRID=05RJQ27WRTNRY1YBHKCM">
                <i class="a-icon a-icon-star a-star-5"><span class="a-icon-alt">4,8 von 5 Sternen</span></i>
            </a>
            <a class="a-size-small a-link-normal" href="/product-reviews/B00D8V092W/ref=pd_sim_325_cr_3/280-6066651-0896728?ie=UTF8&refRID=05RJQ27WRTNRY1YBHKCM">17</a>
        </div>
    
        </div>
    </li><li class="a-carousel-card a-float-left" role="listitem">
        <div data-asin="B007X2CL6E" data-p13n-asin-metadata="{&quot;ref&quot;:&quot;pd_sim_325_4&quot;,&quot;asin&quot;:&quot;B007X2CL6E&quot;}" data-ref="pd_sim_325_4" class="a-section a-spacing-none p13nimp p13n-asin">
            <a class="a-link-normal" href="/Hipp-Bio-Kindermilch-Jahr-Pack/dp/B007X2CL6E/ref=pd_sim_325_4/280-6066651-0896728?ie=UTF8&dpID=51%2Be-UWDYJL&dpSrc=sims&preST=_AC_UL160_SR97%2C160_&refRID=05RJQ27WRTNRY1YBHKCM"><div class="a-section a-spacing-mini"><img alt="Hipp Bio Kindermilch ab 1 Jahr, 4er Pack (4 x 800 g) - Bio" src="http://ecx.images-amazon.com/images/I/51%2Be-UWDYJL._AC_UL160_SR97,160_.jpg" class="a-dynamic-image" height="160" width="97" data-a-dynamic-image="{&quot;http://ecx.images-amazon.com/images/I/51%2Be-UWDYJL._AC_UL480_SR291,480_.jpg&quot;:[480,291],&quot;http://ecx.images-amazon.com/images/I/51%2Be-UWDYJL._AC_UL320_SR194,320_.jpg&quot;:[320,194],&quot;http://ecx.images-amazon.com/images/I/51%2Be-UWDYJL._AC_UL160_SR97,160_.jpg&quot;:[160,97]}"></div>
        <div class="p13n-sc-truncate p13n-sc-line-clamp-4" aria-hidden="true" data-rows="4">
            Hipp Bio Kindermilch ab 1 Jahr, 4er Pack (4 x 800 g) - Bio
        </div>
    </a>
            
        <div class="a-icon-row a-spacing-none">
            <a class="a-link-normal" title="4.5 von 5 Sternen" href="/product-reviews/B007X2CL6E/ref=pd_sim_325_cr_4/280-6066651-0896728?ie=UTF8&refRID=05RJQ27WRTNRY1YBHKCM">
                <i class="a-icon a-icon-star a-star-4-5"><span class="a-icon-alt">4,6 von 5 Sternen</span></i>
            </a>
            <a class="a-size-small a-link-normal" href="/product-reviews/B007X2CL6E/ref=pd_sim_325_cr_4/280-6066651-0896728?ie=UTF8&refRID=05RJQ27WRTNRY1YBHKCM">22</a>
        </div>
    <div class="a-row"><span class="a-size-base a-color-price">EUR 37,80</span> <span class="a-size-mini a-color-secondary">(EUR 11,81 /  kg)</span> <span style="position: relative; top: 2px;"><i class="a-icon a-icon-prime a-icon-small" aria-label="Prime"><span class="a-icon-alt">Prime</span></i></span></div>
        </div>
    </li><li class="a-carousel-card a-float-left" role="listitem">
        <div data-asin="B004X0XAFK" data-p13n-asin-metadata="{&quot;ref&quot;:&quot;pd_sim_325_5&quot;,&quot;asin&quot;:&quot;B004X0XAFK&quot;}" data-ref="pd_sim_325_5" class="a-section a-spacing-none p13nimp p13n-asin">
            <a class="a-link-normal" href="/HiPP-Kindermilch-Combiotik-Jahr-Pack/dp/B004X0XAFK/ref=pd_sim_325_5/280-6066651-0896728?ie=UTF8&dpID=51fvb8WSpEL&dpSrc=sims&preST=_AC_UL160_SR100%2C160_&refRID=05RJQ27WRTNRY1YBHKCM"><div class="a-section a-spacing-mini"><img alt="HiPP Kindermilch Combiotik ab 1 Jahr, 4er Pack (4 x 600 g)" src="http://ecx.images-amazon.com/images/I/51fvb8WSpEL._AC_UL160_SR100,160_.jpg" class="a-dynamic-image" height="160" width="100" data-a-dynamic-image="{&quot;http://ecx.images-amazon.com/images/I/51fvb8WSpEL._AC_UL480_SR300,480_.jpg&quot;:[480,300],&quot;http://ecx.images-amazon.com/images/I/51fvb8WSpEL._AC_UL320_SR200,320_.jpg&quot;:[320,200],&quot;http://ecx.images-amazon.com/images/I/51fvb8WSpEL._AC_UL160_SR100,160_.jpg&quot;:[160,100]}"></div>
        <div class="p13n-sc-truncate p13n-sc-line-clamp-5" aria-hidden="true" data-rows="5">
            HiPP Kindermilch Combiotik ab 1 Jahr, 4er Pack (4 x 600 g)
        </div>
    </a>
            
        <div class="a-icon-row a-spacing-none">
            <a class="a-link-normal" title="3.8 von 5 Sternen" href="/product-reviews/B004X0XAFK/ref=pd_sim_325_cr_5/280-6066651-0896728?ie=UTF8&refRID=05RJQ27WRTNRY1YBHKCM">
                <i class="a-icon a-icon-star a-star-4"><span class="a-icon-alt">3,8 von 5 Sternen</span></i>
            </a>
            <a class="a-size-small a-link-normal" href="/product-reviews/B004X0XAFK/ref=pd_sim_325_cr_5/280-6066651-0896728?ie=UTF8&refRID=05RJQ27WRTNRY1YBHKCM">6</a>
        </div>
    
        </div>
    </li><li class="a-carousel-card a-float-left" role="listitem">
        <div data-asin="B004X0XALE" data-p13n-asin-metadata="{&quot;ref&quot;:&quot;pd_sim_325_6&quot;,&quot;asin&quot;:&quot;B004X0XALE&quot;}" data-ref="pd_sim_325_6" class="a-section a-spacing-none p13nimp p13n-asin">
            <a class="a-link-normal" href="/HiPP-Kindermilch-Combiotik-Jahre-Pack/dp/B004X0XALE/ref=pd_sim_325_6/280-6066651-0896728?ie=UTF8&dpID=51vcR7%2BjnCL&dpSrc=sims&preST=_AC_UL160_SR111%2C160_&refRID=05RJQ27WRTNRY1YBHKCM"><div class="a-section a-spacing-mini"><img alt="HiPP Kindermilch Combiotik ab 2 Jahre (4er Pack, 4 x 600 g)" src="http://ecx.images-amazon.com/images/I/51vcR7%2BjnCL._AC_UL160_SR111,160_.jpg" class="a-dynamic-image" height="160" width="111" data-a-dynamic-image="{&quot;http://ecx.images-amazon.com/images/I/51vcR7%2BjnCL._AC_UL480_SR333,480_.jpg&quot;:[480,333],&quot;http://ecx.images-amazon.com/images/I/51vcR7%2BjnCL._AC_UL160_SR111,160_.jpg&quot;:[160,111],&quot;http://ecx.images-amazon.com/images/I/51vcR7%2BjnCL._AC_UL320_SR222,320_.jpg&quot;:[320,222]}"></div>
        <div class="p13n-sc-truncate p13n-sc-line-clamp-4" aria-hidden="true" data-rows="4">
            HiPP Kindermilch Combiotik ab 2 Jahre (4er Pack, 4 x 600 g)
        </div>
    </a>
            
        <div class="a-icon-row a-spacing-none">
            <a class="a-link-normal" title="5.0 von 5 Sternen" href="/product-reviews/B004X0XALE/ref=pd_sim_325_cr_6/280-6066651-0896728?ie=UTF8&refRID=05RJQ27WRTNRY1YBHKCM">
                <i class="a-icon a-icon-star a-star-5"><span class="a-icon-alt">5,0 von 5 Sternen</span></i>
            </a>
            <a class="a-size-small a-link-normal" href="/product-reviews/B004X0XALE/ref=pd_sim_325_cr_6/280-6066651-0896728?ie=UTF8&refRID=05RJQ27WRTNRY1YBHKCM">5</a>
        </div>
    <div class="a-row"><span class="a-size-base a-color-price">EUR 49,03</span> <span class="a-size-mini a-color-secondary">(EUR 20,43 /  kg)</span> </div>
        </div>
    </li>
            </ol></div></div><div class="a-carousel-col a-carousel-right"><a class="a-button a-button-image a-carousel-button a-carousel-goto-nextpage" tabindex="0" href="#"><span class="a-button-inner"><i class="a-icon a-icon-next"><span class="a-icon-alt">Weiter</span></i></span></a></div></div></div>
        </div>
        
    
        </div>
        
        
    



</div>








<script type="text/javascript">

window.AmazonPopoverImages = {
  snake: 'http://g-ecx.images-amazon.com/images/G/01/javascripts/lib/popover/images/snake._CB192571611_.gif',
  btnClose: 'http://g-ecx.images-amazon.com/images/G/01/javascripts/lib/popover/images/btn_close._CB192188154_.gif',
  closeTan: 'http://g-ecx.images-amazon.com/images/G/03/nav2/images/close-tan-sm._CB192552265_.gif',
  closeTanDown: 'http://g-ecx.images-amazon.com/images/G/03/nav2/images/close-tan-sm-dn._CB192552269_.gif',
  loadingBar: 'http://g-ecx.images-amazon.com/images/G/01/javascripts/lib/popover/images/loading-bar-small._CB192188123_.gif',
  pixel: 'http://g-ecx.images-amazon.com/images/G/01/icons/blank-pixel._CB192192429_.gif'
};
var container = document.createElement("DIV");
container.id = "ap_container";
if (document.body.childNodes.length) {
    document.body.insertBefore(container, document.body.childNodes[0]);
} else {
    document.body.appendChild(container);
}

</script>

    <script type="text/javascript">
    (function() {
        var h = document.head || document.getElementsByTagName('head')[0] || document.documentElement;
        var s = document.createElement('script');
        s.async = 'async';
        s.src = 'http://z-ecx.images-amazon.com/images/G/01/browser-scripts/site-wide-js-1.6.4-beacon/site-wide-7123153309._V1_.js';
        h.insertBefore(s, h.firstChild);
     })();
    </script>
<script type='text/javascript'>
    amznJQ.addLogical('popover', []);
</script>



<div id="dp-ads-center-promo-top_feature_div">
</div>



  
  
  
  

  
  <style> .sp-dp-ellipsis { overflow: hidden; white-space: normal; } .sp-dp-offer-title { max-height: 76px; } .sp-dp-author { max-height: 17px; } </style> <hr size="1" noshade="noshade" class="bucketDivider"> <div id="sponsored-products-dp_feature_div" style="overflow:hidden;"> <div class="a-section a-spacing-none a-row"> <div id="sp_detail" data-a-display-strategy="swap" data-a-transition-strategy="swap" data-a-ajax-strategy="clicksCustomAjax" data-a-carousel-options='{"name":"sp_detail_carousel", "initialSeenAsins":"\"B016ID1WCM\",\"B00R4BTI3S\",\"B0118X3SC4\",\"B014O9OR2E\",\"B00MDW2S12\",\"B01AEV03X8\",\"B00ITO3I58\"" , "circular":false, "auto_adjust_height":true, "ajax":{"params":{&quot;ASIN&quot;:&quot;B00BSNACII&quot;,&quot;ie&quot;:&quot;UTF8&quot;,&quot;searchTerms&quot;:&quot;&quot;,&quot;searchIndex&quot;:&quot;&quot;,&quot;referringSearchEngine&quot;:&quot;&quot;,&quot;wName&quot;:&quot;sp_detail&quot;,&quot;pRID&quot;:&quot;05RJQ27WRTNRY1YBHKCM&quot;,&quot;start&quot;:&quot;7&quot;,&quot;cc&quot;:&quot;7&quot;}, "url":"/gp/nemo/spd/handlers/spd-shov.html"}, "set_size":"16"}' class="a-carousel-container a-carousel-display-swap a-carousel-transition-swap"> <form class="a-carousel-state" action="#" method="get"><input autocomplete="on" type="hidden" name="firstVisibleItem" class="a-carousel-firstvisibleitem"></form> <div class="a-row a-carousel-header-row a-size-large pa_componentTitleTest"> <div class="a-column a-span8"> <h2 class="a-carousel-heading"> Gesponserte Produkte zu diesem Artikel <a class='a-size-base a-text-normal a-declarative' data-action='a-popover' data-a-popover='{"name":"sponsored-products-related", "position":"triggerBottom", "activate":"onclick"}' href='javascript:void(0)'> (Was ist das?) </a> </h2> </div> <div class="a-column a-span4 a-span-last a-text-right"> <span class="a-carousel-pagination a-size-base"> <span class="a-carousel-page-count"> Seite <span class="a-carousel-page-current"> 1 </span> von <span class="a-carousel-page-max"> 1 </span> </span> <span class="a-carousel-restart-container"> <span class="a-text-separator"></span> <a class="a-carousel-restart" href="#">Zum Anfang</a> </span> </span> </div> </div> <div class="a-popover-content a-popover-preload" id="a-popover-sponsored-products-related"> <p> Gesponserte Produkte sind Anzeigen für Produkte, die von Händlern auf Amazon.de verkauft werden. Wenn Sie auf eine Anzeige für ein Gesponsertes Produkt klicken, werden Sie zu einem Amazon Detailseite gebracht, wo Sie mehr über das Produkt erfahren und es kaufen können. </p> <p> Weitere Informationen über Amazon Gesponserte Produkte, <a class="a-link-normal" target="_blank" href="http://services.amazon.de/programme/gesponserte-produkte/so-funktionierts.html?ld=AZDESPWhatsThis">klicken Sie hier</a>. <p> </div> <div class="a-row a-carousel-controls a-carousel-row a-carousel-has-buttons"> <div class="a-carousel-row-inner"> <div class="a-carousel-col a-carousel-center"> <div class="a-carousel-viewport"> <ol class="a-carousel" aria-live="assertive" role="list"> <li class="a-carousel-card" role="listitem" style="width:160px;" aria-setsize="16"> <div id="05RJQ27WRTNRY1YBHKCM_sp_detail_1_1" data-asin="B016ID1WCM"> <div class="sp_offerVertical"> <div class="pa_feedbackForm_container_sp_detail" style="display:none"> <div class="sp_adID"> <span id="pa_05RJQ27WRTNRY1YBHKCM_sp_detail_1_1" class="a-declarative" data-action="a-modal" data-a-modal="{&quot;url&quot;:&quot;/gp/sponsored-products/lazyLoad/handler/sp-feedback-handler.html?pl=XHZBgZio6Ppm8HX5qn8vkC%2FI8D0q4YxRdbM3iA7H6sOCCPQwjfpcvbfH4cyv3GtUu%2FwR6TCXCUqGGg0SbY708sImpLlhSh9bl0PtpvfcpKjM78LQ3whID5ZLI%2B3AWHhSjKJpEhVo%2F2fvC7EWFqRSiISRTeDevDM7HqPM1HJVVP16xfWEtyks%2BoZToOJtJNP1vN39Z61UFfntx4p5Z%2BfCFk2dbf0XunG%2BY2m4bqPt10ZGukqiOW3hJeJGk0yFy5kytUfxqZHM7cIrJv5ksVrpgeVcsICpZNeU%2Bqo3VfVQBeb3Bw2gfKjZuBuJlxtioJlMXlPIsGw3p2qEm%2F%2BmoLpbQTv6JfaigWNkTwZAJzvwsPyqoM4LkuOPtJcyRWgN%2BwCwGJfdrSrzcHvUhuIT5InwEAZaPatf4pNze3MxCRg7VtVourN5CMVMGenKnAeR0WKXfLrgNhXbM%2B0jzvp41aycO7G23BscK1MsF1zLqEQG998xYpxY%2FEYWz4qt%2FbsHpDnlPo%2BhL%2F7HibWNdQ3EVwDdNL5IzZSh6wXJjJ%2FqRMvhxBl%2F61zRLdz6pkEwmzf8Ug%2FqNeJQ83Q3l%2FU%3D&quot;,&quot;name&quot;:&quot;sponsored-products-feedback-modal-sp_detail&quot;,&quot;header&quot;:&quot;Feedback mitteilen&quot;,&quot;footer&quot;:&quot;&lt;div id='sponsored-products-feedback-footer'&gt;&lt;/div&gt;&quot;,&quot;width&quot;:&quot;350&quot;}"> <a class="a-popover-trigger a-declarative">Feedback</a> </span> </div> </div> <div class="sp_dpOffer"> <a href="/gp/slredirect/picassoRedirect.html/ref=dp_sp_detail_0?ie=UTF8&amp;adId=A097011132PERCTHO4XJG&amp;url=%2Fdp%2FB016ID1WCM%3Fpsc%3D1&amp;qualifier=508063&amp;id=7835701584865919692&amp;widgetName=sp_detail" title="Guru Kokosöl 1000ml nativ &amp; naturrein -Bio Qualität-" target="_self"> <div class="a-carousel-photo"><img border="0" alt="" src="http://ecx.images-amazon.com/images/I/41McGwqfkCL._AC_SR160,160_.jpg"></div> <div data-rows="4" aria-hidden="true" class="sponsored-products-truncator-truncate sponsored-products-truncator-line-clamp-4">Guru Kokosöl 1000ml nativ &amp; naturrein -Bio Qualität-</div> </a> <div class="a-icon-row"> <a href="/gp/slredirect/picassoRedirect.html/ref=sp_detail_dktp_cr?ie=UTF8&amp;adId=A097011132PERCTHO4XJG&amp;url=%2Fdp%2FB016ID1WCM%3Fpsc%3D1%23customerReviews&amp;qualifier=508063&amp;id=7835701584865919692&amp;widgetName=sp_detail"> <i class="a-icon a-icon-star a-star-5" title="4.8 von 5 Sternen"> <span class="a-icon-alt">4.8 von 5 Sternen </span> </i> </a> <a class="a-size-base" href="/gp/slredirect/picassoRedirect.html/ref=sp_detail_dktp_cr?ie=UTF8&amp;adId=A097011132PERCTHO4XJG&amp;url=%2Fdp%2FB016ID1WCM%3Fpsc%3D1%23customerReviews&amp;qualifier=508063&amp;id=7835701584865919692&amp;widgetName=sp_detail">52</a> </div> <div class="a-row a-color-price"> EUR 12,99&nbsp; <span class="a-size-mini">(EUR 12,99/l) </span> </div> </div> </div> </div> <script> P.when('A', 'call-on-visible').execute(function(A) { var offer = A.$("#05RJQ27WRTNRY1YBHKCM_sp_detail_1_1"); if (typeof offer.callOnVisible == "function") { offer.callOnVisible(function () { var img = new Image(); img.src = "http://fls-eu.amazon.com/1/amazon-clicks/1/OP/?requestId=05RJQ27WRTNRY1YBHKCM&childRequestId=05RJQ27WRTNRY1YBHKCM&widgetName=sp_detail&searchResultNumber=1&impressionRankOnAsin=1"; this.setAttribute("id", "05RJQ27WRTNRY1YBHKCM_sp_detail_1_1" + "_sent"); }); } }); </script> </li> <li class="a-carousel-card" role="listitem" style="width:160px;" aria-setsize="16"> <div id="05RJQ27WRTNRY1YBHKCM_sp_detail_1_2" data-asin="B00R4BTI3S"> <div class="sp_offerVertical"> <div class="pa_feedbackForm_container_sp_detail" style="display:none"> <div class="sp_adID"> <span id="pa_05RJQ27WRTNRY1YBHKCM_sp_detail_1_2" class="a-declarative" data-action="a-modal" data-a-modal="{&quot;url&quot;:&quot;/gp/sponsored-products/lazyLoad/handler/sp-feedback-handler.html?pl=BAkfMAShJ8rcHLG6ZZIteu%2BoTuYsQ%2FpJX05wpN1NeQB13Cnde8hPSBUGR3NTgmNDO4%2BniO%2BVzOTDbzXrrX7pIkdAcNnhFGmT%2BLkhcNZ7%2F%2Bzuo5UdRNPDu2GgEFyXi5tDo94V1gCkIhMSSuLDF%2BS3%2BF2FIFex0XjiReZRwtI9ueXmNPE1QMKfQ38HC%2BJg6LHUo9X9Dl7lPWbrXMuNlXQN1HMqBXHd5fiT1WPE4JO%2Fj5%2BGGrxu%2FwPLxQo%2BywpKh2ECwp0bFKZ6%2BDzX%2FraVsxXLfYPGW5TT74tbitAUBDiqBsB0tf3Y3Su%2FnYixr8Ee1O8zKh6V6kxXKOqsNaq6x1FvWjD6ggIZVYB0xmtMyDMx53P2P3DHgL107qc4ZcWEbjoPCJNqFZHV0Kn%2BNBAgXSh0oLVh6HxzzJ9M6RTRoUxwi6Lb8Ge%2FPCazdEqqkf%2F8Jdr8xxYnofRp7jUFI9n8dYUL4SiTl0NPk5qiOqPugJfM%2B9IwR6Lk7EaO3wR6RULZZwv9av0f%2FTDLqA2LhQUtW1w7TzLd0eADJ1TnffPNk6U9niJv21Cjy%2B9C%2B%2Brl8Nwn1jw%2FKzQFiEKHDG3lAl9LlTn6PpdC81Bhsvrz&quot;,&quot;name&quot;:&quot;sponsored-products-feedback-modal-sp_detail&quot;,&quot;header&quot;:&quot;Feedback mitteilen&quot;,&quot;footer&quot;:&quot;&lt;div id='sponsored-products-feedback-footer'&gt;&lt;/div&gt;&quot;,&quot;width&quot;:&quot;350&quot;}"> <a class="a-popover-trigger a-declarative">Feedback</a> </span> </div> </div> <div class="sp_dpOffer"> <a href="/gp/slredirect/picassoRedirect.html/ref=dp_sp_detail_1?ie=UTF8&amp;adId=A0491846330DWVMW1POXP&amp;url=%2Fdp%2FB00R4BTI3S%3Fpsc%3D1&amp;qualifier=508063&amp;id=7835701584865919692&amp;widgetName=sp_detail" title="Aptamil 2 Folgemilch mit Pronutra A, 6er Pack (6 x 800g)" target="_self"> <div class="a-carousel-photo"><img border="0" alt="" src="http://ecx.images-amazon.com/images/I/51ZMgLeAYML._AC_SR160,160_.jpg"></div> <div data-rows="4" aria-hidden="true" class="sponsored-products-truncator-truncate sponsored-products-truncator-line-clamp-4">Aptamil 2 Folgemilch mit Pronutra A, 6er Pack (6 x 800g)</div> </a> <div class="a-icon-row"> <a href="/gp/slredirect/picassoRedirect.html/ref=sp_detail_dktp_cr?ie=UTF8&amp;adId=A0491846330DWVMW1POXP&amp;url=%2Fdp%2FB00R4BTI3S%3Fpsc%3D1%23customerReviews&amp;qualifier=508063&amp;id=7835701584865919692&amp;widgetName=sp_detail"> <i class="a-icon a-icon-star a-star-5" title="5 von 5 Sternen"> <span class="a-icon-alt">5 von 5 Sternen </span> </i> </a> <a class="a-size-base" href="/gp/slredirect/picassoRedirect.html/ref=sp_detail_dktp_cr?ie=UTF8&amp;adId=A0491846330DWVMW1POXP&amp;url=%2Fdp%2FB00R4BTI3S%3Fpsc%3D1%23customerReviews&amp;qualifier=508063&amp;id=7835701584865919692&amp;widgetName=sp_detail">3</a> </div> <div class="a-row a-color-price"> EUR 104,88&nbsp; <span class="a-size-mini">(EUR 21,85/kg) </span> <span style="position: relative; top: 2px;"> <i class="a-icon a-icon-prime a-icon-small" title="Prime"> <span class="a-icon-alt">Prime</span> </i> </span> </div> </div> </div> </div> <script> P.when('A', 'call-on-visible').execute(function(A) { var offer = A.$("#05RJQ27WRTNRY1YBHKCM_sp_detail_1_2"); if (typeof offer.callOnVisible == "function") { offer.callOnVisible(function () { var img = new Image(); img.src = "http://fls-eu.amazon.com/1/amazon-clicks/1/OP/?requestId=05RJQ27WRTNRY1YBHKCM&childRequestId=05RJQ27WRTNRY1YBHKCM&widgetName=sp_detail&searchResultNumber=1&impressionRankOnAsin=2"; this.setAttribute("id", "05RJQ27WRTNRY1YBHKCM_sp_detail_1_2" + "_sent"); }); } }); </script> </li> <li class="a-carousel-card" role="listitem" style="width:160px;" aria-setsize="16"> <div id="05RJQ27WRTNRY1YBHKCM_sp_detail_1_3" data-asin="B0118X3SC4"> <div class="sp_offerVertical"> <div class="pa_feedbackForm_container_sp_detail" style="display:none"> <div class="sp_adID"> <span id="pa_05RJQ27WRTNRY1YBHKCM_sp_detail_1_3" class="a-declarative" data-action="a-modal" data-a-modal="{&quot;url&quot;:&quot;/gp/sponsored-products/lazyLoad/handler/sp-feedback-handler.html?pl=OMKkXzql2W0U3G9%2BpM%2FVsnSm8vo%2BGW2Kk3EouWrvWGX8bo200Bd3viwXCdooBksDtJ6Piwzx82WfYS32VpnmMgIGWBklPXw%2FLwWlG3%2BneiEF24VUcfO0eKsv9Jdk%2B3AQefr8hNTilAkLfecSrx%2BGJiLH%2Fc2j8YakIn3zjaeHOBVB32S3LYxVcUHYOrLM920ko3y5jsm2p9oGd7LKrwh1jj1ZOjh%2BEVKghcbQAl2qaTJLaUe9zRJ%2BhSj6APXlQoFeVY1PZaD1fsdivO%2FSRrq%2BNxfC03gFrGJtcaTX3FZ5YlW3g3CzCwA0bh0aVjPGtM6tTmoMKcFdZcJIASYirmYrBC08tmthSuF9JxIjmOtZtcx0PpX23XwbMSggw7UD0bVAJeds0b6Ez5f0J13cU8sPzAAHNBHUS4stMGxfMLWGqG71VCfF8N4AZ16fywj6WX%2BVQEQg0kwJrxIOHqE4ypPxbxum3La%2FTpShsuMsiL4Bluo30YgKLPRLwssy0mbB0k%2B5R76o8qyJ1jRjEld%2BYraCujRbbTjxtYxbA26Kv8F6YmQST%2FJc6GMIlDBVExHAFpYobilEXo%2FESsINv0NVv5uzVw%3D%3D&quot;,&quot;name&quot;:&quot;sponsored-products-feedback-modal-sp_detail&quot;,&quot;header&quot;:&quot;Feedback mitteilen&quot;,&quot;footer&quot;:&quot;&lt;div id='sponsored-products-feedback-footer'&gt;&lt;/div&gt;&quot;,&quot;width&quot;:&quot;350&quot;}"> <a class="a-popover-trigger a-declarative">Feedback</a> </span> </div> </div> <div class="sp_dpOffer"> <a href="/gp/slredirect/picassoRedirect.html/ref=dp_sp_detail_2?ie=UTF8&amp;adId=A0260518KQEE0MF4N8U2&amp;url=%2Fdp%2FB0118X3SC4%3Fpsc%3D1&amp;qualifier=508063&amp;id=7835701584865919692&amp;widgetName=sp_detail" title="Hipp 3 Milchnahrung Bio, 4er Pack (4 x 600 g) - Bio" target="_self"> <div class="a-carousel-photo"><img border="0" alt="" src="http://ecx.images-amazon.com/images/I/51dQloba9iL._AC_SR160,160_.jpg"></div> <div data-rows="4" aria-hidden="true" class="sponsored-products-truncator-truncate sponsored-products-truncator-line-clamp-4">Hipp 3 Milchnahrung Bio, 4er Pack (4 x 600 g) - Bio</div> </a> <div class="a-row a-color-price"> EUR 29,88&nbsp; <span class="a-size-mini">(EUR 12,45/kg) </span> <span style="position: relative; top: 2px;"> <i class="a-icon a-icon-prime a-icon-small" title="Prime"> <span class="a-icon-alt">Prime</span> </i> </span> </div> </div> </div> </div> <script> P.when('A', 'call-on-visible').execute(function(A) { var offer = A.$("#05RJQ27WRTNRY1YBHKCM_sp_detail_1_3"); if (typeof offer.callOnVisible == "function") { offer.callOnVisible(function () { var img = new Image(); img.src = "http://fls-eu.amazon.com/1/amazon-clicks/1/OP/?requestId=05RJQ27WRTNRY1YBHKCM&childRequestId=05RJQ27WRTNRY1YBHKCM&widgetName=sp_detail&searchResultNumber=1&impressionRankOnAsin=3"; this.setAttribute("id", "05RJQ27WRTNRY1YBHKCM_sp_detail_1_3" + "_sent"); }); } }); </script> </li> <li class="a-carousel-card" role="listitem" style="width:160px;" aria-setsize="16"> <div id="05RJQ27WRTNRY1YBHKCM_sp_detail_1_4" data-asin="B014O9OR2E"> <div class="sp_offerVertical"> <div class="pa_feedbackForm_container_sp_detail" style="display:none"> <div class="sp_adID"> <span id="pa_05RJQ27WRTNRY1YBHKCM_sp_detail_1_4" class="a-declarative" data-action="a-modal" data-a-modal="{&quot;url&quot;:&quot;/gp/sponsored-products/lazyLoad/handler/sp-feedback-handler.html?pl=kfRSfa5I1QPleCfp%2FgNkUrkv%2FKy74A3JMPpA6lN4fOsbQ0g4d8acSgVN5rPwS6CxlesbxCFeZBTziNbBuSYrzQhE4FQJG2nTJ7MPJ%2Bj4vvazkjq7JM8mTzUgSnBuFKRarwuTSu7wd1qrT3A4M7YjOrZy%2FVCh75DG7H8BcAHSNKEHP9OURtG2XqndvTW1LfQ30%2BATECXRHif52Ym73VuwXwc5wuarv2mw9W8AwxkQ4VCLsSeZNOxX%2Bey9hwynqt1tBo5YI6Y2%2Bt9yo9jKm1mKEvCWjWwXhZh6IF3mOOI8T92v19Z%2BhYscOepZRYzDMb1OUHBioHYSJbzrNuBoQUA0Bdku7D2UCBVFNxhtW16Y%2BF6Q1lIiiXT0toJgjBoo%2FV7G0sGhcVKuG7%2FHvxTnu7GwSAvZA501qJo1UUxKIHU4G6cT9vW7Ae2i2uM4dxXKUU4NgSBns3FvOPw6VKFAXVOoJeFcBiLOd9l2HRySLWeXO8klDQp0TY%2FCyVVUiZUlZ%2FWcS1ZZ85jt6kiU3CikdJFC6HqlZ6EyMcNC%2FzVBPbbA1Qi4DM6jWwLpVNc3yFpCx3kPX88X2MHy7QKhuUXtQ2LjnZcWn%2FapNfqkGnoEYjVc9H4%3D&quot;,&quot;name&quot;:&quot;sponsored-products-feedback-modal-sp_detail&quot;,&quot;header&quot;:&quot;Feedback mitteilen&quot;,&quot;footer&quot;:&quot;&lt;div id='sponsored-products-feedback-footer'&gt;&lt;/div&gt;&quot;,&quot;width&quot;:&quot;350&quot;}"> <a class="a-popover-trigger a-declarative">Feedback</a> </span> </div> </div> <div class="sp_dpOffer"> <a href="/gp/slredirect/picassoRedirect.html/ref=dp_sp_detail_3?ie=UTF8&amp;adId=A0271026LS7WN4386DRF&amp;url=%2Fdp%2FB014O9OR2E%3Fpsc%3D1&amp;qualifier=508063&amp;id=7835701584865919692&amp;widgetName=sp_detail" title="HiPP 1 Combiotik Bio-Anfangsmilch von Geburt an, 4er Pack (4 x 500g)" target="_self"> <div class="a-carousel-photo"><img border="0" alt="" src="http://ecx.images-amazon.com/images/I/51eT9CaCnqL._AC_SR160,160_.jpg"></div> <div data-rows="4" aria-hidden="true" class="sponsored-products-truncator-truncate sponsored-products-truncator-line-clamp-4">HiPP 1 Combiotik Bio-Anfangsmilch von Geburt an, 4er Pack (4 x 500g)</div> </a> <div class="a-row a-color-price"> EUR 45,88&nbsp; <span class="a-size-mini">(EUR 22,94/kg) </span> <span style="position: relative; top: 2px;"> <i class="a-icon a-icon-prime a-icon-small" title="Prime"> <span class="a-icon-alt">Prime</span> </i> </span> </div> </div> </div> </div> <script> P.when('A', 'call-on-visible').execute(function(A) { var offer = A.$("#05RJQ27WRTNRY1YBHKCM_sp_detail_1_4"); if (typeof offer.callOnVisible == "function") { offer.callOnVisible(function () { var img = new Image(); img.src = "http://fls-eu.amazon.com/1/amazon-clicks/1/OP/?requestId=05RJQ27WRTNRY1YBHKCM&childRequestId=05RJQ27WRTNRY1YBHKCM&widgetName=sp_detail&searchResultNumber=1&impressionRankOnAsin=4"; this.setAttribute("id", "05RJQ27WRTNRY1YBHKCM_sp_detail_1_4" + "_sent"); }); } }); </script> </li> <li class="a-carousel-card" role="listitem" style="width:160px;" aria-setsize="16"> <div id="05RJQ27WRTNRY1YBHKCM_sp_detail_1_5" data-asin="B00MDW2S12"> <div class="sp_offerVertical"> <div class="pa_feedbackForm_container_sp_detail" style="display:none"> <div class="sp_adID"> <span id="pa_05RJQ27WRTNRY1YBHKCM_sp_detail_1_5" class="a-declarative" data-action="a-modal" data-a-modal="{&quot;url&quot;:&quot;/gp/sponsored-products/lazyLoad/handler/sp-feedback-handler.html?pl=PKAd1vZyfcJnxuWbxpkQ42tZuW%2FsuZhzkrXeiG86lDhGQEiA0onFHH3%2FhZCE0tUftHZU9nywEuxubPb46Sf7PRpVGHF24ARrKLeOURSHmWoJgS7qfM6oF51CmbKGvFicOgkry4%2BrxFhSiRMEfVE3LYxpnQQfNLcKgSqSNuBV5tHEm9MxUa3QvIwj5tEDghCLBcxV2JY%2FaM7RGMpWTCDklSkMn%2Fyinnv6m8ewqQtQ9m%2FpdYhV6Soc29FuWLZzfYEWec6Qe%2FI0jj7AjEBym7cZbHKEdWBj%2FMQZhGC1Z4aNH1HF8z1JzULnDxKzLq5raX0Ein1WnjI0HoObCX7sFkQeUt22eRI0XKzYLJ0AiJ1I0ci6EOXA5im6RHdlMg5KvjkMv4HrqUAUa2DcwF3N1ace0HVQHHxYA7EbxGwINa4UQhUh5wTQQDMCoZqa%2BACP5n0wCuv1XNv3frU4bkUm3IuwoyiyEL%2FeZcoWQ%2BE03ltWEvw6JzLwoKzfIr95i9i3NFNU7wF8ajXUY1w%2F2Wgavnn%2BeTPeqCFL%2BkfH80nj8J2erXo%3D&quot;,&quot;name&quot;:&quot;sponsored-products-feedback-modal-sp_detail&quot;,&quot;header&quot;:&quot;Feedback mitteilen&quot;,&quot;footer&quot;:&quot;&lt;div id='sponsored-products-feedback-footer'&gt;&lt;/div&gt;&quot;,&quot;width&quot;:&quot;350&quot;}"> <a class="a-popover-trigger a-declarative">Feedback</a> </span> </div> </div> <div class="sp_dpOffer"> <a href="/gp/slredirect/picassoRedirect.html/ref=dp_sp_detail_4?ie=UTF8&amp;adId=A00573891EZR8VAMY82NV&amp;url=%2Fdp%2FB00MDW2S12%3Fpsc%3D1&amp;qualifier=508063&amp;id=7835701584865919692&amp;widgetName=sp_detail" title="BIO Chia Samen 1 kg" target="_self"> <div class="a-carousel-photo"><img border="0" alt="" src="http://ecx.images-amazon.com/images/I/51yuzJGS62L._AC_SR160,160_.jpg"></div> <div data-rows="4" aria-hidden="true" class="sponsored-products-truncator-truncate sponsored-products-truncator-line-clamp-4">BIO Chia Samen 1 kg</div> </a> <div class="a-icon-row"> <a href="/gp/slredirect/picassoRedirect.html/ref=sp_detail_dktp_cr?ie=UTF8&amp;adId=A00573891EZR8VAMY82NV&amp;url=%2Fdp%2FB00MDW2S12%3Fpsc%3D1%23customerReviews&amp;qualifier=508063&amp;id=7835701584865919692&amp;widgetName=sp_detail"> <i class="a-icon a-icon-star a-star-5" title="4.9 von 5 Sternen"> <span class="a-icon-alt">4.9 von 5 Sternen </span> </i> </a> <a class="a-size-base" href="/gp/slredirect/picassoRedirect.html/ref=sp_detail_dktp_cr?ie=UTF8&amp;adId=A00573891EZR8VAMY82NV&amp;url=%2Fdp%2FB00MDW2S12%3Fpsc%3D1%23customerReviews&amp;qualifier=508063&amp;id=7835701584865919692&amp;widgetName=sp_detail">216</a> </div> <div class="a-row a-color-price"> EUR 10,75&nbsp; <span class="a-size-mini">(EUR 10,75/kg) </span> <span style="position: relative; top: 2px;"> <i class="a-icon a-icon-prime a-icon-small" title="Prime"> <span class="a-icon-alt">Prime</span> </i> </span> </div> </div> </div> </div> <script> P.when('A', 'call-on-visible').execute(function(A) { var offer = A.$("#05RJQ27WRTNRY1YBHKCM_sp_detail_1_5"); if (typeof offer.callOnVisible == "function") { offer.callOnVisible(function () { var img = new Image(); img.src = "http://fls-eu.amazon.com/1/amazon-clicks/1/OP/?requestId=05RJQ27WRTNRY1YBHKCM&childRequestId=05RJQ27WRTNRY1YBHKCM&widgetName=sp_detail&searchResultNumber=1&impressionRankOnAsin=5"; this.setAttribute("id", "05RJQ27WRTNRY1YBHKCM_sp_detail_1_5" + "_sent"); }); } }); </script> </li> <li class="a-carousel-card" role="listitem" style="width:160px;" aria-setsize="16"> <div id="05RJQ27WRTNRY1YBHKCM_sp_detail_1_6" data-asin="B01AEV03X8"> <div class="sp_offerVertical"> <div class="pa_feedbackForm_container_sp_detail" style="display:none"> <div class="sp_adID"> <span id="pa_05RJQ27WRTNRY1YBHKCM_sp_detail_1_6" class="a-declarative" data-action="a-modal" data-a-modal="{&quot;url&quot;:&quot;/gp/sponsored-products/lazyLoad/handler/sp-feedback-handler.html?pl=U1H7VJCrs9jcwZGLDcGNzEA%2FBTk0B8Pc0m3ORIHFANR0nhUQkDqsyiyNZbQnE6Gf0MvKFV9snp6LJE6%2B4NLl1D74N8q4BV6wHYJM8qL655TMSUkuY7%2FSKBq%2BKTcodWr%2BDJuY8VOwfT%2FZ79o5TPUddDkVQIrWLFBXCnPGF1WveVWOU%2BjSimjgKR1YzzQz7Wy8fDudG%2BnBOlmJStdWnXk1Nx9xczqOqHZwo2WW8Hq%2Fi1usR%2B0M%2Fj%2Fz3eM4sxzrmAlOBS8888BnaY3h4BvQ3mbkcxBg16%2F2bHU%2BorKYWd3d7bJAiWw2DvaJaqsNFZ9NZsjZWEVVw4gv%2BHtkJu%2Bd%2F2WBmDN8BjhrnlR0zOBvRmKRyJFYxbxMq%2BeyTf4Rj5ydftBHGw05srAudqLbzbzAexuJPQPZK3y%2Fm86qBRDsAkHyhqU8yi5YRvc8Gl2f0NvWzxsmPGcq7nqvPuAgxqrO8sEyKv3J63BvxEUdOhTv8Zh%2Bo823%2FjB%2F9zmDNqzEpGkO7VQEwsXhy8M5%2B%2B2eTJKin4uDrTjfcFjMEwwMeIVlamteXCSkrpXj5EDA%2FuUph1YEF0E8jcDfhSR7rBE%2FE3RG5XGbpBiV3IXJ2Wus&quot;,&quot;name&quot;:&quot;sponsored-products-feedback-modal-sp_detail&quot;,&quot;header&quot;:&quot;Feedback mitteilen&quot;,&quot;footer&quot;:&quot;&lt;div id='sponsored-products-feedback-footer'&gt;&lt;/div&gt;&quot;,&quot;width&quot;:&quot;350&quot;}"> <a class="a-popover-trigger a-declarative">Feedback</a> </span> </div> </div> <div class="sp_dpOffer"> <a href="/gp/slredirect/picassoRedirect.html/ref=dp_sp_detail_5?ie=UTF8&amp;adId=A01871552RXPV5UTB4ILE&amp;url=%2Fdp%2FB01AEV03X8%3Fpsc%3D1%26smid%3DA36JV6A24XVXT4&amp;qualifier=508063&amp;id=7835701584865919692&amp;widgetName=sp_detail" title="Sonnentor Kurkuma-Latte Vanille bio, Dose, 1er Pack (1 x 60 g)" target="_self"> <div class="a-carousel-photo"><img border="0" alt="" src="http://ecx.images-amazon.com/images/I/41K+n21j+8L._AC_SR160,160_.jpg"></div> <div data-rows="4" aria-hidden="true" class="sponsored-products-truncator-truncate sponsored-products-truncator-line-clamp-4">Sonnentor Kurkuma-Latte Vanille bio, Dose, 1er Pack (1 x 60 g)</div> </a> <div class="a-icon-row"> <a href="/gp/slredirect/picassoRedirect.html/ref=sp_detail_dktp_cr?ie=UTF8&amp;adId=A01871552RXPV5UTB4ILE&amp;url=%2Fdp%2FB01AEV03X8%3Fpsc%3D1%26smid%3DA36JV6A24XVXT4%23customerReviews&amp;qualifier=508063&amp;id=7835701584865919692&amp;widgetName=sp_detail"> <i class="a-icon a-icon-star a-star-5" title="5 von 5 Sternen"> <span class="a-icon-alt">5 von 5 Sternen </span> </i> </a> <a class="a-size-base" href="/gp/slredirect/picassoRedirect.html/ref=sp_detail_dktp_cr?ie=UTF8&amp;adId=A01871552RXPV5UTB4ILE&amp;url=%2Fdp%2FB01AEV03X8%3Fpsc%3D1%26smid%3DA36JV6A24XVXT4%23customerReviews&amp;qualifier=508063&amp;id=7835701584865919692&amp;widgetName=sp_detail">1</a> </div> <div class="a-row a-color-price"> EUR 9,99&nbsp; <span class="a-size-mini">(EUR 16,65/100 g) </span> </div> </div> </div> </div> <script> P.when('A', 'call-on-visible').execute(function(A) { var offer = A.$("#05RJQ27WRTNRY1YBHKCM_sp_detail_1_6"); if (typeof offer.callOnVisible == "function") { offer.callOnVisible(function () { var img = new Image(); img.src = "http://fls-eu.amazon.com/1/amazon-clicks/1/OP/?requestId=05RJQ27WRTNRY1YBHKCM&childRequestId=05RJQ27WRTNRY1YBHKCM&widgetName=sp_detail&searchResultNumber=1&impressionRankOnAsin=6"; this.setAttribute("id", "05RJQ27WRTNRY1YBHKCM_sp_detail_1_6" + "_sent"); }); } }); </script> </li> <li class="a-carousel-card" role="listitem" style="width:160px;" aria-setsize="16"> <div id="05RJQ27WRTNRY1YBHKCM_sp_detail_1_7" data-asin="B00ITO3I58"> <div class="sp_offerVertical"> <div class="pa_feedbackForm_container_sp_detail" style="display:none"> <div class="sp_adID"> <span id="pa_05RJQ27WRTNRY1YBHKCM_sp_detail_1_7" class="a-declarative" data-action="a-modal" data-a-modal="{&quot;url&quot;:&quot;/gp/sponsored-products/lazyLoad/handler/sp-feedback-handler.html?pl=Ccgjywv0luF90n%2BXd0lCnWTxX4DCgtKcZCZ%2B3IPo2nQDfywgHc7PuutHclzeBMHzSXbh3%2BhWPVw%2B5Yf82vDWrkHURKDvZcEOOxXTgtOJQaaA4BldovLjs5A9xcK%2FR7dycAV2R6m4HV8lX6uRutYI%2B%2BpnrXzv5B9B8ZzRwlvo2F176rSMN%2B4YpcDPDCfl95VxE18LVTKtfRBkia2nS2hNq85JpJ%2BoAF5NFbGMVFyC1fuZZuCtZqArCdV%2F7GqbGibWclry%2B2sg76f3uecfrxVUYVOBoS7G6slCEuiYHJdLH%2BM5zm3kU4Vveh27OoqtSkZ4n3pL80nXCPBWkcnp8xiyzawmhbC8HxrCru9Jvcr%2FYsYNw3Ub5yRGP5R4GqbQ7UrGE76mypcdRH5BhSrg%2F8jGX2GOhpU94UWH%2Bn96nMOnUXBmEm%2Bqa6C9XB2bqTNjIn43tyeKjOf5Z0x76SyNMunifLyEXIkpEYix%2FKwhbi02JH%2FGwQTYGWz3gcyX22bRGSOmPP5aO%2FLsjLCCb08Fce%2FwHxDRHxue74y%2BOcH2SiJP9cRWzDVeh7OUWvKb%2BnCYw7PZ1F1jGUdjnQpWoXAxDgTgNA%3D%3D&quot;,&quot;name&quot;:&quot;sponsored-products-feedback-modal-sp_detail&quot;,&quot;header&quot;:&quot;Feedback mitteilen&quot;,&quot;footer&quot;:&quot;&lt;div id='sponsored-products-feedback-footer'&gt;&lt;/div&gt;&quot;,&quot;width&quot;:&quot;350&quot;}"> <a class="a-popover-trigger a-declarative">Feedback</a> </span> </div> </div> <div class="sp_dpOffer"> <a href="/gp/slredirect/picassoRedirect.html/ref=dp_sp_detail_6?ie=UTF8&amp;adId=A009503731CN9NFQIFTMX&amp;url=%2Fdp%2FB00ITO3I58%3Fpsc%3D1&amp;qualifier=508063&amp;id=7835701584865919692&amp;widgetName=sp_detail" title="Holle Bio Anfangsmilch &quot;1&quot; 6 x 400 g von Geburt an" target="_self"> <div class="a-carousel-photo"><img border="0" alt="" src="http://ecx.images-amazon.com/images/I/51tTQa75IGL._AC_SR160,160_.jpg"></div> <div data-rows="4" aria-hidden="true" class="sponsored-products-truncator-truncate sponsored-products-truncator-line-clamp-4">Holle Bio Anfangsmilch &quot;1&quot; 6 x 400 g von Geburt an</div> </a> <div class="a-row a-color-price"> EUR 52,04&nbsp; </div> </div> </div> </div> <script> P.when('A', 'call-on-visible').execute(function(A) { var offer = A.$("#05RJQ27WRTNRY1YBHKCM_sp_detail_1_7"); if (typeof offer.callOnVisible == "function") { offer.callOnVisible(function () { var img = new Image(); img.src = "http://fls-eu.amazon.com/1/amazon-clicks/1/OP/?requestId=05RJQ27WRTNRY1YBHKCM&childRequestId=05RJQ27WRTNRY1YBHKCM&widgetName=sp_detail&searchResultNumber=1&impressionRankOnAsin=7"; this.setAttribute("id", "05RJQ27WRTNRY1YBHKCM_sp_detail_1_7" + "_sent"); }); } }); </script> </li> </ol> </div> </div> <div class="a-carousel-col a-carousel-left"> <a class="a-button a-button-image a-carousel-button a-carousel-goto-prevpage" href="#" tabindex="0"> <span class="a-button-inner"> <i class="a-icon a-icon-previous"> <span class="a-icon-alt">Zurück</span> </i> </span> </a> </div> <div class="a-carousel-col a-carousel-right"> <a class="a-button a-button-image a-carousel-button a-carousel-goto-nextpage" href="#" tabindex="0"> <span class="a-button-inner"> <i class="a-icon a-icon-next"> <span class="a-icon-alt">Weiter</span> </i> </span> </a> </div> </div> </div> </div> </div> <div class="SP-Ad-Feedback"> <a href="#sp_detail_feedbackForm" id="sp_detail_feedbackMessage" class="dynamicSPFL">Anzeige-Feedback</a> </div> </div> <script type="text/javascript"> P.when('A', 'a-carousel-framework', 'AmazonClicks').execute(function (A, CF, AC) { CF.getCarousel(document.getElementById("sp_detail")); AC.registerFeedbackEvents("sp_detail_carousel", "sp_detail_feedbackMessage", "Anzeige-Feedback", "Feedback ausblenden", "pa_feedbackForm_container_sp_detail"); }); </script> <img src="http://fls-eu.amazon.com/1/amazon-clicks/1/OP/?requestId=05RJQ27WRTNRY1YBHKCM&amp;childRequestId=05RJQ27WRTNRY1YBHKCM&amp;widgetName=sp_detail" width="1" height="1"/> 











 
 
 


<div id="promotions_feature_div">







<hr class="bucketDivider" noshade="noshade" size="1">
  <div class="bucket" id="quickPromoBucketContent">
    <a id="productPromotions" name="productPromotions"></a>
    <h2>Hinweise und Aktionen</h2>
    




    <div class="disclaim">Größe: <strong>4 x 600g</strong></div>




    
    <div class="content">
      <ul class="qpUL">
        <li><div class="amabot_widget"><span class="hydraBreadCrumbRelatedSearchesTitle"> 

Hinweis zu den <b>Produktdetails und N&auml;hrwertangaben:</b> NRV / Nutrient Reference Values = Prozent der empfohlenen Tagesdosis eines durchschnittlichen Erwachsenen.
 &nbsp;</span></div><br></li><input type="hidden" name="productPromosHidden" id="productPromosHidden" />
      </ul>
      
    </div>
  </div>
    <script type="text/javascript">
      if (typeof showHideElement == 'function') {
        showHideElement('specialOffersHidden', 'specialOffersDiv');
        showHideElement('productPromosHidden', 'heroQuickPromoDiv');
      }
    </script>
</div>


<div id="view-dpv-rich-media_feature_div">







</div>


<div id="product-details-grid_feature_div">


<div id="product-details-grid_feature_div">




    















































    















    

	
	

















<hr noshade="noshade" size="1" class="bucketDivider"/>

<div style="overflow:hidden;">
<div id="prodDetails">
<a id="productDetails" name="productDetails"></a>
<noscript><style type='text/css'>
#prodDetails .attrG .pdTab{display:block}
#need-help-deciding{display:none}
#prodDetails .pdSprite{display:none}
#prodDetails .pdSectionSummary{display:none}
#prodDetails #wnsRM{display:none}
#prodDetails #wnsPostData{display:inline}
#prodDetails .expandFeature{display:none}
#prodDetails .collapseFeature{display:none}
</style></noscript>
<h2>Produktinformationen</h2>





    <div class="disclaim">Größe: <strong>4 x 600g</strong></div>




    
<div class="wrapper DElocale">
<div class="container">
  <div class="column col1 ">

      <div class="section techD">
         <div class="secHeader">
           <span>Produktdetails</span>
         </div>
         <div class="content pdClearfix">
     <div class="attrG" style='border:none' >
     <div class="fSec pdSection">
       <div class="pdPM">
         <a onclick="pdTreeSH(this);" href="javascript:void(0)" class="dpSprite pdSpriteMinus pdSprite"><span>Expand</span></a>
       </div>
       <div>
         <a onclick="pdTreeSH(this);" href="javascript:void(0)" class="pdSN">
           <span><strong>Allgemeine Produktinformationen</strong></span>
         </a>
       </div>
     </div>
     <div class="pdTab" style='display:block;'>
     <table cellspacing="0" cellpadding="0" border="0">
     <tbody>
         <tr class="size-weight"><td class="label">Artikelgewicht</td><td class="value">2,4 Kg</td></tr>



         <tr><td class="label">Produktbezeichnung</td><td class="value">Milchgetränk zur besonderen Ernährung von Kleinkindern</td></tr>









<tr class="allergenInformation"><td class="label"><b>Allergene</b></td><td class="value">Enthält: Milch, Sojabohnen, Fische</td></tr>




<tr class="safety-warnings"><td class="label">Warnhinweise</td><td class="value">Kindermilch 1+ ist f&#xFC;r Kinder ab 1 Jahr zum Trinken aus der Tasse oder dem Becher bestimmt.</td></tr>
         <tr><td class="label">Netto-Gewicht</td><td class="value">2.4 Kilogramm</td></tr>
         <tr><td class="label">Aufbewahrung</td><td class="value">Kühl (<25°) und trocken lagern</td></tr>
         <tr><td class="label">Verwendungsbedingungen</td><td class="value">Angebrochenen Innenbeutel innerhalb von 4 Wochen aufbrauchen.</td></tr>




         <tr><td class="label">Servierempfehlung</td><td class="value">Apatmil KinderMILCH 1+ schmeckt warm und kalt. Im Rahmen einer ausgewogenen Ernährung Ihres Kleinkindes wird eine tägliche Trinkmenge von ca. 300 ml MILCH empfohlen.</td></tr>




<tr class="mfgContact"><td class="label">Unternehmenskontakt</td><td class="value">milupa GmbH, 61379 Friedrichsdorf</td></tr>
         <tr><td class="label">Ursprungsland</td><td class="value">Deutschland</td></tr>
         <tr><td class="label">Marke</td><td class="value">Aptamil</td></tr>
         <tr><td class="label">Jahrgang</td><td class="value">NV</td></tr>
         <tr><td class="label">Format</td><td class="value">getrocknet</td></tr>
         <tr><td class="label">Altersstufe</td><td class="value">ab 13. Monat</td></tr>
         <tr><td class="label">Besonderheit</td><td class="value">Glutenfrei, Ohne Konservierungsstoffe, Ohne Farbstoffzusatz, Ohne Zusatz von Aromen, Zöliakie verträglich</td></tr>
         <tr><td class="label">Hersteller/Produzent</td><td class="value">Aptamil</td></tr>
     </tbody>
     </table>
     </div>
     </div>
     <div class="attrG"  >
     <div class=" pdSection">
       <div class="pdPM">
         <a onclick="pdTreeSH(this);" href="javascript:void(0)" class="dpSprite pdSpriteMinus pdSprite"><span>Expand</span></a>
       </div>
       <div>
         <a onclick="pdTreeSH(this);" href="javascript:void(0)" class="pdSN">
           <span><strong>Nährwertangaben</strong></span>
         </a>
       </div>
     </div>
     <div class="pdTab" style='display:block;'>
     <table cellspacing="0" cellpadding="0" border="0">
     <tbody>
         <tr><td class="label">Portionsgröße</td><td class="value">100 Gramm, 100 Gramm</td></tr>
         <tr><td class="label">Energie (kJ)</td><td class="value">1.785 kJ</td></tr>
         <tr><td class="label">Energie (kcal)</td><td class="value">0.426615 kcal</td></tr>
         <tr><td class="label">Fett</td><td class="value">2.2 Gramm</td></tr>
         <tr><td class="label">davon:</td><td class="value"> </td></tr>
         <tr><td class="label"> - Gesättigte Fettsäuren</td><td class="value">0.6 Gramm</td></tr>
         <tr><td class="label"> - Einfach ungesättigte Fettsäuren</td><td class="value">1.2 Gramm</td></tr>
         <tr><td class="label"> - Mehrfach ungesättigte Fettsäuren</td><td class="value">0.4 Gramm</td></tr>
         <tr><td class="label">Kohlenhydrate</td><td class="value">5.1 Gramm</td></tr>
         <tr><td class="label">davon:</td><td class="value"> </td></tr>
         <tr><td class="label"> - Zucker</td><td class="value">43.3 Gramm</td></tr>
         <tr><td class="label">Ballaststoffe</td><td class="value">1.0 Gramm</td></tr>
         <tr><td class="label">Eiweiß</td><td class="value">1.9 Gramm</td></tr>
         <tr><td class="label">Salz</td><td class="value">0.07 Gramm</td></tr>
         <tr><td class="label">Natrium</td><td class="value">232 Milligramm</td></tr>
         <tr><td class="label">Vitamin A</td><td class="value">663 Mikrogramm (82.88% NRV)</td></tr>
         <tr><td class="label">Vitamin D</td><td class="value">26 Mikrogramm (520% NRV)</td></tr>
         <tr><td class="label">Vitamin E</td><td class="value">9.1 Milligramm (75.83% NRV)</td></tr>
         <tr><td class="label">Vitamin K</td><td class="value">47 Mikrogramm (62.67% NRV)</td></tr>
         <tr><td class="label">Vitamin C</td><td class="value">61 Milligramm (76.25% NRV)</td></tr>
         <tr><td class="label">Thiamin</td><td class="value">0.34 Milligramm (30.91% NRV)</td></tr>
         <tr><td class="label">Niacin</td><td class="value">0.85 Milligramm (5.31% NRV)</td></tr>
         <tr><td class="label">Vitamin B6</td><td class="value">0.42 Milligramm (30% NRV)</td></tr>
         <tr><td class="label">Folsäure</td><td class="value">126 Mikrogramm (63% NRV)</td></tr>
         <tr><td class="label">Vitamin B12</td><td class="value">3.8 Mikrogramm (152% NRV)</td></tr>
         <tr><td class="label">Biotin</td><td class="value">14 Mikrogramm (28% NRV)</td></tr>
         <tr><td class="label">Pantothensäure</td><td class="value">3.3 Milligramm (55% NRV)</td></tr>
         <tr><td class="label">Kalium</td><td class="value">1389 Milligramm (69.45% NRV)</td></tr>
         <tr><td class="label">Calcium</td><td class="value">1131 Milligramm (141.38% NRV)</td></tr>
         <tr><td class="label">Phosphor</td><td class="value">949 Milligramm (135.57% NRV)</td></tr>
         <tr><td class="label">Magnesium</td><td class="value">110 Milligramm (29.33% NRV)</td></tr>
         <tr><td class="label">Eisen</td><td class="value">7.6 Milligramm (54.29% NRV)</td></tr>
         <tr><td class="label">Jod</td><td class="value">215 Mikrogramm (143.33% NRV)</td></tr>
<tr><td class="lAttr">&nbsp;</td><td class="lAttr">&nbsp;</td></tr>
     </tbody>
     </table>
     </div>
     </div>
</div>
      </div>

</div>
</div>
  <div class="column col2 ">

      <div class="section techD">
         <div class="secHeader">
           <span>Zusätzliche Produktinformationen</span>
         </div>
         <div class="content pdClearfix">
     <div class="attrG" style='border:none' >
     <div class="pdTab" style='display:block;'>
     <table cellspacing="0" cellpadding="0" border="0">
     <tbody>
         <tr><td class='label'>ASIN</td><td class='value'>B00BSNACII</td></tr>




<tr class="average_customer_reviews">  <td class="label">Durchschnittliche Kundenbewertung</td>  <td class="value"><span class="dpProductDetailB00BSNACII">
  <span class="a-declarative" data-action="a-popover" data-a-popover="{&quot;closeButton&quot;:&quot;false&quot;,&quot;max-width&quot;:&quot;700&quot;,&quot;position&quot;:&quot;triggerBottom&quot;,&quot;url&quot;:&quot;/review/widgets/average-customer-review/popover/ref=acr_dpproductdetail_popover/280-6066651-0896728?ie=UTF8&amp;asin=B00BSNACII&amp;contextId=dpProductDetail&amp;ref=acr_dpproductdetail_popover&quot;}">
    <a href="javascript:void(0)" class="a-popover-trigger a-declarative">
      <a class="a-link-normal a-text-normal" href="http://www.amazon.de/product-reviews/B00BSNACII/ref=acr_dpproductdetail_text/280-6066651-0896728?ie=UTF8&showViewpoints=1">
        <i class="a-icon a-icon-star a-star-4-5"><span class="a-icon-alt">4.5 von 5 Sternen</span></i>
      </a>
    <i class="a-icon a-icon-popover"></i></a>
  </span>
  <span class="a-letter-space"></span>
  <span class="a-size-small">
    <a class="a-link-normal" href="http://www.amazon.de/product-reviews/B00BSNACII/ref=acr_dpproductdetail_text/280-6066651-0896728?ie=UTF8&showViewpoints=1">
      31 Kundenrezensionen
    </a>
  </span>
</span></td></tr>




























<tr id="SalesRank"><td class="label">Amazon Bestseller-Rang</td><td class="value">


















Nr. 1 in Lebensmittel & Getränke (<a href="http://www.amazon.de/gp/bestsellers/grocery/ref=pd_dp_ts_grocery_1/280-6066651-0896728">Siehe Top 100</a>)
 






















<ul class="zg_hrsr">
    <li class="zg_hrsr_item">
    <span class="zg_hrsr_rank">Nr. 1</span>
    <span class="zg_hrsr_ladder">in&nbsp;<a href="http://www.amazon.de/gp/bestsellers/grocery/ref=pd_zg_hrsr_grocery_1_1/280-6066651-0896728">Lebensmittel & Getränke</a> &gt; <a href="http://www.amazon.de/gp/bestsellers/grocery/358555031/ref=pd_zg_hrsr_grocery_1_2/280-6066651-0896728">Babynahrung</a> &gt; <a href="http://www.amazon.de/gp/bestsellers/grocery/364603031/ref=pd_zg_hrsr_grocery_1_3/280-6066651-0896728">Milchnahrung</a> &gt; <a href="http://www.amazon.de/gp/bestsellers/grocery/1386609031/ref=pd_zg_hrsr_grocery_1_4_last/280-6066651-0896728">Kindermilch</a></span>
    </li>
</ul>
</td></tr>






<tr class="shipping-weight"><td class="label">Produktgewicht inkl. Verpackung</td><td class="value">2,9 Kg</td></tr>





<tr><td class="label">Versand:</td><td class="value">Dieser Artikel wird, wenn er von Amazon verkauft und versandt wird, ggfs. auch außerhalb Deutschlands versandt. Näheres erfahren Sie im Bestellvorgang.</td></tr>















<tr class="date-first-available"><td class="label">Im Angebot von Amazon.de seit</td><td class="value">12. März 2013</td></tr>
<tr><td class="lAttr">&nbsp;</td><td class="lAttr">&nbsp;</td></tr>
     </tbody>
     </table>
     </div>
     </div>
</div>
      </div>

      <div class="section techD">
         <div class="secHeader">
           <span>Amazon.de Rückgabegarantie</span>
         </div>
         <div class="content pdClearfix">



<div id="wns">
<strong>Unsere freiwillige Amazon.de Rückgabegarantie:</strong> Unabhängig von Ihrem gesetzlichen Widerrufsrecht können Sie sämtliche Produkte, die von Amazon.de direkt versandt werden, innerhalb von 30 Tagen ab Erhalt der Ware an Amazon.de zurückgeben, sofern die Ware vollständig ist und sich in ungebrauchtem und unbeschädigtem Zustand befindet. Weiteres finden Sie unter <a href=/gp/help/customer/display.html/ref=orc_hp_s_retpol?ie=UTF8&nodeId=504958#Fristen>Rücksendedetails.</a>
    </span>
</div>




</div>
      </div>

      <div class="section techD">
         <div class="secHeader">
           <span>Feedback</span>
         </div>
         <div class="content pdClearfix">
		
	
		
	
		
	
			
			
			

            
            
            
            
            
            
			&nbsp;Möchten Sie <b><a href="https://www.amazon.de/gp/gfix/imageCorrection.html/ref=gfix-product-details-image/280-6066651-0896728?ie=UTF8&ASIN=B00BSNACII&merchantID=A3JWKAKR8XB7XF&storeID=grocery">Feedback zu Bildern geben</a></b> oder uns <b><a href="#" id="ns_05RJQ27WRTNRY1YBHKCM_10824_1_hmd_pricing_feedback_trigger_product-details">über einen günstigeren Preis informieren</a></b>?    <script>
    P.now("A","tellMeMoreLinkData").execute(function(A,tellMeMoreLinkData){
        if(typeof tellMeMoreLinkData !== 'undefined'){
            A.state('lowerPricePopoverData',{"trigger":"ns_05RJQ27WRTNRY1YBHKCM_10824_1_hmd_pricing_feedback_trigger_product-details","destination":"/gp/pdp/pf/pricingFeedbackForm.html/ref=/280-6066651-0896728?ie=UTF8&ASIN=B00BSNACII&PREFIX=ns_05RJQ27WRTNRY1YBHKCM_10824_2_&from=product-details&m=A3JWKAKR8XB7XF&storeID=groceryencodeURI('&originalURI=' + window.location.pathname)","url":"/gp/pdp/pf/pricingFeedbackForm.html/ref=/280-6066651-0896728?ie=UTF8&ASIN=B00BSNACII&PREFIX=ns_05RJQ27WRTNRY1YBHKCM_10824_2_&from=product-details&m=A3JWKAKR8XB7XF&storeID=grocery","nsPrefix":"ns_05RJQ27WRTNRY1YBHKCM_10824_2_","path":"encodeURI('&originalURI=' + window.location.pathname)","title":"Informieren Sie uns über einen günstigeren Preis"});
            return {
                   key:"pricing-fbW",
                   method: function(){
                                     return {"trigger":"ns_05RJQ27WRTNRY1YBHKCM_10824_1_hmd_pricing_feedback_trigger_product-details","destination":"/gp/pdp/pf/pricingFeedbackForm.html/ref=/280-6066651-0896728?ie=UTF8&ASIN=B00BSNACII&PREFIX=ns_05RJQ27WRTNRY1YBHKCM_10824_2_&from=product-details&m=A3JWKAKR8XB7XF&storeID=groceryencodeURI('&originalURI=' + window.location.pathname)","url":"/gp/pdp/pf/pricingFeedbackForm.html/ref=/280-6066651-0896728?ie=UTF8&ASIN=B00BSNACII&PREFIX=ns_05RJQ27WRTNRY1YBHKCM_10824_2_&from=product-details&m=A3JWKAKR8XB7XF&storeID=grocery","nsPrefix":"ns_05RJQ27WRTNRY1YBHKCM_10824_2_","path":"encodeURI('&originalURI=' + window.location.pathname)","title":"Informieren Sie uns über einen günstigeren Preis"};
                                     }
                   }
        }
        else{
                P.when("A").register("tellMeMoreLinkData",function(A){
                    A.state('lowerPricePopoverData',{"trigger":"ns_05RJQ27WRTNRY1YBHKCM_10824_1_hmd_pricing_feedback_trigger_product-details","destination":"/gp/pdp/pf/pricingFeedbackForm.html/ref=/280-6066651-0896728?ie=UTF8&ASIN=B00BSNACII&PREFIX=ns_05RJQ27WRTNRY1YBHKCM_10824_2_&from=product-details&m=A3JWKAKR8XB7XF&storeID=groceryencodeURI('&originalURI=' + window.location.pathname)","url":"/gp/pdp/pf/pricingFeedbackForm.html/ref=/280-6066651-0896728?ie=UTF8&ASIN=B00BSNACII&PREFIX=ns_05RJQ27WRTNRY1YBHKCM_10824_2_&from=product-details&m=A3JWKAKR8XB7XF&storeID=grocery","nsPrefix":"ns_05RJQ27WRTNRY1YBHKCM_10824_2_","path":"encodeURI('&originalURI=' + window.location.pathname)","title":"Informieren Sie uns über einen günstigeren Preis"});
                    return {
                           key:"pricing-fbW",
                           method: function(){
                                             return {"trigger":"ns_05RJQ27WRTNRY1YBHKCM_10824_1_hmd_pricing_feedback_trigger_product-details","destination":"/gp/pdp/pf/pricingFeedbackForm.html/ref=/280-6066651-0896728?ie=UTF8&ASIN=B00BSNACII&PREFIX=ns_05RJQ27WRTNRY1YBHKCM_10824_2_&from=product-details&m=A3JWKAKR8XB7XF&storeID=groceryencodeURI('&originalURI=' + window.location.pathname)","url":"/gp/pdp/pf/pricingFeedbackForm.html/ref=/280-6066651-0896728?ie=UTF8&ASIN=B00BSNACII&PREFIX=ns_05RJQ27WRTNRY1YBHKCM_10824_2_&from=product-details&m=A3JWKAKR8XB7XF&storeID=grocery","nsPrefix":"ns_05RJQ27WRTNRY1YBHKCM_10824_2_","path":"encodeURI('&originalURI=' + window.location.pathname)","title":"Informieren Sie uns über einen günstigeren Preis"};
                                             }
                           }
			    });
            }
    });
    </script>

</div>
      </div>



</div>
<div style="height:0;clear:left;">&nbsp;</div>
</div>
<script type="text/javascript">
function pdTreeSH(a){
      P.when("jQuery", "ready").execute(function($){
        var $l=$(a).parent().parent();
        $l.parent().children().filter(".pdTab").toggle();
        $l.find(".pdSectionSummary").toggle();
        $l.find(".pdSprite").toggleClass("pdSpritePlus").toggleClass("pdSpriteMinus");
      });
}

function pdToggleSections(a, expand){
      P.when("jQuery", "ready").execute(function($){
       var $l = $(a).parent();
       $l.children().filter(".expandFeature,.collapseFeature").toggle();
       if(expand == 1){
          $l.parent().children().children().children().filter(".pdTab").show();
          $l.parent().children().children().children().children().children().filter(".pdSprite").removeClass("pdSpritePlus").addClass("pdSpriteMinus");
          $l.parent().children().children().children().children().children().children().filter(".pdSectionSummary").hide();
        } else {
          $l.parent().children().children().children().filter(".pdTab").hide();
          $l.parent().children().children().children().children().children().filter(".pdSprite").addClass("pdSpritePlus").removeClass("pdSpriteMinus");
          $l.parent().children().children().children().children().children().children().filter(".pdSectionSummary").show();
        }
     });
}

    P.when("jQuery", "a-popover", "ready").execute(function ($, popover) {
        $("#prodDetails .help").each(function(){
          var $selectedTechAttribute = $(this); 
          var $keyLookUp = $selectedTechAttribute.attr('href');
          var $title = $selectedTechAttribute.html();
          popover.create($selectedTechAttribute, {
            "position": "triggerRight",
            "header": $title,
            "url": $keyLookUp,
            "ajaxFailMsg": 'No help associated with this attribute'
          });
       });
    });

</script>
</div>
</div>


















</div>
</div>


<div id="important-information_feature_div">


<div id="important-information_feature_div">

  
    







<a name="importantInformation"></a>
<div id="importantInformation">
  <hr noshade="true" size="1" class="bucketDivider" />
  <div class="bucket">
    <h2>Wichtige Informationen</h2>
    <div class="content">
<b>Warnhinweise</b><br />Kindermilch 1+ ist f&#xFC;r Kinder ab 1 Jahr zum Trinken aus der Tasse oder dem Becher bestimmt.<br /><br /><b>Haftungsausschluss</b><br />Amazon.de ist nicht Hersteller der auf dieser Internetseite angebotenen Waren, es sei denn, dies wird ausdrücklich angegeben. Die Produktverpackung und zugehörigen Dokumente enthalten möglicherweise Angaben, die über die auf unserer Internetseite gemachten Angaben hinausgehen und/oder sich von ihnen unterscheiden. Wir empfehlen Ihnen daher, sich nicht allein auf die Angaben zu verlassen, die auf unserer Internetseite angezeigt werden, sondern sich vor Gebrauch der Ware stets auch sorgfältig die Etiketten, Warnhinweise und Anleitungen durchzulesen, die mit der Ware geliefert werden. Bitte nehmen Sie nachfolgend auch <a href="#legal-disclaimer">unseren vollständigen Haftungsausschluss</a> zur Kenntnis.    </div>
  </div>
</div>










</div>
</div>


<div id="product-description_feature_div">


<div id="dpx-product-description_feature_div">












        
        
        
        
  




























<div id="biss-product-description-and-details"></div>
<div id="descriptionAndDetails" class="a-section a-spacing-extra-large">
    <div id="productDescription_feature_div" class="feature" data-feature-name="productDescription">




    

    
    
    
        
            
                
	                
	                
	                	



    
    <div id="productDescription_feature_div" data-feature-name="productDescription" data-template-name="productDescription" class="a-row feature">
         
            
            
                <div class="a-divider a-divider-section"><div class="a-divider-inner"></div></div>
               
                 
                 <h2 class="default">Produktbeschreibungen</h2>
                
                
                

            
            
                
                
                  





    <div id="productDescription" class="a-section a-spacing-small">
        





  
    
       
        
          
        <div class="disclaim">
          
            
            
            
             Größe:<strong>4 x 600g</strong>
            
          
          </div>
        
      
    
  


        
        
     
	       
     
                              
     
       	       
        
        <!-- show up to 2 reviews by default --> 
        
        	
        		<h3>Produktbeschreibung</h3>
        	
        	
        		
        			<p><div class="aplus"> <div class="leftImage"><img src="https://images-eu.ssl-images-amazon.com/images/G/03/grocery/Aptamil-Logo.jpg" /></div> <h4></h4> <p></p> <div class="break"></div> <p>&nbsp;</p> <div class="rightImage"><img alt="Aptamil. Heute f&uuml;r Morgen." src="https://images-eu.ssl-images-amazon.com/images/G/03/grocery/AM_Milchglas.jpg" /></div> <h4>Aptamil. Heute f&uuml;r Morgen.</h4> <p>Die Phase ab dem ersten Geburtstag ist f&uuml;r das <strong>Wachstum und die Entwicklung</strong> Ihres Kindes wichtig. Mit der richtigen Ern&auml;hrung unterst&uuml;tzen Sie seine <strong>gesunde Entwicklung</strong> schon heute. Milch spielt hierbei eine wichtige Rolle, da sie essentielle N&auml;hrstoffe enth&auml;lt, die Ihr Kind t&auml;glich ben&ouml;tigt.</p> <p>Daher arbeiten unsere Forscher auf Basis neuester Forschungserkenntnisse und Empfehlungen von Ern&auml;hrungsexperten kontinuierlich an der optimalen Zusammensetzung unserer Kindermilch.</p> <div class="break"></div> <p>&nbsp;</p> <div class="leftImage"><img alt="Entspricht den neuesten Empfehlungen zur Zusammensetzung" src="https://images-eu.ssl-images-amazon.com/images/G/03/grocery/AM_Kimi_Milchtropfen.jpg" /></div> <h4>Entspricht den neuesten Empfehlungen zur Zusammensetzung</h4> <p>Die neue Aptamil Kindermilch ab 1 Jahr folgt in ihrer Zusammensetzung den aktuellen Empfehlungen und ist so optimal auf den N&auml;hrstoffbedarf Ihres Kleinkindes abgestimmt.</p> <div class="break"></div> <p>&nbsp;</p> <div class="rightImage"><img alt="Unsere Rezeptur" src="https://images-eu.ssl-images-amazon.com/images/G/03/grocery/AM_Kimi1_Puzzleteile.jpg" /></div> <h4>Unsere Rezeptur</h4> <p>Die neue Aptamil Kindermilch entspricht den neusten Empfehlungen. Sie enth&auml;lt zur altersgerechten Ern&auml;hrung Ihres Kindes:</p> <ul> <li><strong>Vitamin A, C und D</strong>, die auf nat&uuml;rliche Weise zu einem gesunden Immunsystem beitragen</li> <li><strong>Vitamin D und Calcium</strong> f&uuml;r das normale Wachstum und die Entwicklung der Knochen</li> <li>einen altersgerecht reduzierten <strong>Eiwei&szlig;gehalt</strong></li> <li> patentierte <strong>Prebiotics (GOS/FOS)</strong></li> </ul> So tragen Sie mit der neuen Aptamil Kindermilch schon heute dazu bei, die Grundlage f&uuml;r eine gesunde Zukunft Ihres Kindes zu legen. <p></p> </div>
				    	
					</p>
        		
        		
        	
        
        	
        		<h3>Inhaltsstoffe / Zutaten</h3>
        	
        	
        		
        			<p>MAGERMILCH, Molkenerzeugnis (demineralisierte Molke, Molkenproteinkonzentrat)(aus MILCH), Galactooligosaccharide (aus MILCH), Palm&#xF6;l, Lactose (aus MILCH), Sonnenblumen&#xF6;l, Raps&#xF6;l, Kaliumorthophosphat, Calciumorthophosphat, Fructooligosaccharide, FISCH&#xD6;L,  Magnesiumcitrat, Calciumcarbonat, Emulgator (SOJALECITHIN), Vitamin C, Eisen-II-sulfat, Magnesiumorthophosphat,  Vitamin E,  Vitamin D, Vitamin B12, Pantothens&#xE4;ure, Fols&#xE4;ure, Vitamin A, Vitamn B2, Biotin, Niacin, Vitamin B6, Vitamin B1, Kaliumiodid, Vitamin K
				    	
					</p>
        		
        		
        	
        
                
        
        
            
            <a class="a-link-normal" href="/dp/product-description/B00BSNACII/ref=dp_proddesc_0?ie=UTF8&n=340846031&s=grocery&isInIframe=0">    
            Alle Produktbeschreibungen</a>
        
      
      
    
    </div>

     
        <style type="text/css">
#productDescription {
    font-family: verdana,arial,helvetica,sans-serif;
    color: #333333;
    word-wrap: break-word;
    font-size: small;
    line-height: initial;
    margin: 0.5em 0px 0em 25px;
}

#productDescription_feature_div > h2.default {
    color: #CC6600;
    font-size: medium;
    margin: 0 0 0.25em;
    font-family: verdana,arial,helvetica,sans-serif;
}

#productDescription_feature_div > h2.books {
    color:#333 !important;
    font-size:21px !important;
    line-height: 1.3;
    padding-bottom: 4px;
    font-weight: normal;
    font-family:Arial, sans-serif;
    margin: 0px;
}

#productDescription_feature_div > h2.softlines {
    color:#333 !important; 
    font-size:21px !important;
    line-height: 1.3;
    padding-bottom: 4px;
    font-weight: bold;
    font-family:Arial, sans-serif;
    margin: 0px;
}
#productDescription > p, #productDescription > div, #productDescription > table {
    margin: 0 0 1em 0;
}

#productDescription p {
    margin: 0em 0 1em 1em;
}

#productDescription h3 {
    font-weight: normal;
    color: #333333;
    font-size: 1.23em;
    clear: left;
    margin: 0.75em 0px 0.375em -15px;
}

#productDescription table {
    border-collapse: inherit !important;
    margin-bottom: 0;
}

#productDescription table img {
    max-width: inherit !important;
}

#productDescription table td {
    font-size: small;
    vertical-align: inherit !important;
}

#productDescription ul li {
    margin: 0 0 0 20px;
}

#productDescription ul li ul {
    list-style-type: disc !important;
    margin-left: 20px !important;
}

#productDescription ul ul li {
    list-style-type: disc !important;
    margin-left: 20px !important;
}

#productDescription > ul ul li {
    list-style-type: disc !important;
}   


#productDescription ul li ul li {
    margin: 0 0 0 20px;
}

#productDescription .aplus p {
    margin: 0 0 1em 0;
}

#productDescription small {
    font-size: smaller;
}

#productDescription.prodDescWidth {
	max-width: 1000px
}

</style>

<!-- Used to set table width because AUI is overriding the width attribute of the tables coming in description -->
<script type="text/javascript">
P.when('jQuery').execute(function($){
    $("#productDescription table").each(function() {
        var width = $(this).attr('width');
        if (width) width += 'px';
        else width = 'auto';
        $(this).css('width', width);

        var padding = $(this).attr('cellpadding');
        if (padding) padding += 'px';
        else padding = '0px';
        $(this).css('padding', padding);
    });
});
</script>

    



                
                
            
        
    </div>


	                
                
            
        
        
        
        
        
        
    
    
    

    















    </div>
</div>
</div>
</div>


<div id="dpx-aplus-product-description_feature_div">











        
        
        
        
  















    <div id="aplus_feature_div" class="feature" data-feature-name="aplus">




    

    
    
    
        
        
        
            
                
                    



                
                
            
        
        
        
        
    
    
    

    















    </div>
</div>


    
    
    
     






<div id="cpsia-product-safety-warning_feature_div">
</div>






<div id="dp-out-of-stock-top_feature_div">

    


  


  
  













<div id="dp-out-of-stock-3psl">















<style type="text/css">
#sponsoredLinksCSA {
  clear: both;
  height: 0px;
  overflow: hidden;
  width: 100%;
}
</style>

<div id="sponsoredLinksCSA">
<hr size="1" noshade="noshade" class="bucketDivider"></hr>
<div class="AUI_bucket celwidget" id="AUI_A9AdsMiddleBoxTop">
  <h2 style="display: inline;" id="AUI_A9AdsWidgetAdsTitle">Kunden, die diese Seite anzeigen, sind u.U. an diesen gesponserten Links interessiert.</h2>&nbsp; 
  <span class="AUI_SponsoredLinkSmall" id="AUI_a9whatsthis">(<a onclick="return amz_js_PopWin(this.href,'AmazonHelp','width=450,height=450,resizable=1,scrollbars=1,toolbar=1,status=1');" target="AmazonHelp" href="/gp/ads/whats-this.html">Was ist das?</a>)
  </span>
<div id="AUI_SlDiv_0">
<div id="AUI_A9AdsWidgetAdsWrapper">


<div>
  <table style="margin-top:10px;">
   <tbody>
       <tr>
        <td>
        <iframe id="sponsoredLinksCsaIframe" style="width:100%" title="SponsoredLinks" frameborder="0" marginheight="0" marginwidth="0"
            scrolling="no" allowtransparency="true" width="1" height="1" class="ap_never_hide"></iframe>
        </td>
        </tr>
   </tbody>
  </table> 





</div>

    </div>
  </div>
</div>
</div>
<div style="clear: left;"></div>

<script>

var showSLF;
var slStartTime = new Date().getTime();
var slEndTime;
var jsSlLoaded;
var cfSlLoaded;
var iframeDoc;
var readyCallGoogle;

var a9_3psl_sessionId = "280-6066651-0896728";
var a9_3psl_marketplace = "DE";
var a9_3psl_marketplaceId = "A1PA6795UKMFR9";
var a9_3psl_requestId = "05RJQ27WRTNRY1YBHKCM";
var a9_3psl_method = "Detail";

  
var a9_3psl_fVip = "https://fls-eu.amazon.com";
var a9_3psl_fApiVersion = "1";
var a9_3psl_fChannelId = "a9-sl-requests";
var a9_3psl_fChannelVersion = "2";
var a9_3psl_fAction = "OP";
var a9_3psl_fProgramGroup = "a9-sl";

var sendLoggingRequest = function (metric)
{
   var a9_3psl_fMetrics = metric;
   var a9_3psl_fUrl = [a9_3psl_fVip, a9_3psl_fApiVersion, a9_3psl_fChannelId, a9_3psl_fChannelVersion, a9_3psl_fAction, a9_3psl_fProgramGroup, "action", a9_3psl_fMetrics].join("/");
  
   new Image().src = a9_3psl_fUrl 
            + "?"
            + "marketplaceId=" + encodeURIComponent(a9_3psl_marketplaceId)
            + "&session=" + encodeURIComponent(a9_3psl_sessionId)
            + "&requestId=" + encodeURIComponent(a9_3psl_requestId)
            + "&marketplace=" + encodeURIComponent(a9_3psl_marketplace)
            + "&service=ClientSideSL"
            + "&method=" + a9_3psl_method;
}  

var pageOptions = {
	'pubId': 'amazon-de',
	'query': 'Aptamil Kindermilch 1+ ab 1 Jahr, 4er Pack (4 x 600 g)',
	'domTemplate': 'threeColumnNumbered',
	'cssFileName': 'amazon_bulleted_three_column',
	'channel': 'g-channel-47+g-channel-58',
	'adIconUrl': 'http://afs.googleusercontent.com/amazon/icon-offsite-sl-7069-t4._V171196157_.png',
	'linkTarget': '_blank',
	'hl': 'de',
	'gl': 'de',
	'adtest': 'off',
	'adPage': 1,
	'referrer': ''
}; 
var adblock1 = {
	'container': 'sponsoredLinksContent',
	'number': 4,
	'clicktrackUrl': 'http://rd-eu.a9.com/srv/redirect/?info=AHzBiy33BYZlFURndRZ0e4FFMmpbsnvskDEAR3fZCDK6Kv-VSAhnhsh4BhWNvHyTiVOAoJYCd530GUrXWwi3LShZhiDAH9c6Isht1xnzjzwOCjC0l.fd9TbYzvM.JyvjuXlwRidB3bNz2w8iNxQBMJkkXmGlbe2WniyA8a9iLHEyZ7sSnr5pSNsq31km5qtyNa0qQGyguOI7oLGMT16tfigGJE4TRr2dZbPcFKePCBlswyNDs1CumEblol6Mx3wNpaLMEee4kQAdAe6cEDtAw1XWSyWFGJNW9AytQCOwzsu7Gfd.Owfqy7ZIZXA5XkxqjgaWMW.1wV4oYE3U4fXBB084aRCRheIp7Q__&awt=1&s='
};

var handleSLSize = function(hSl) {
  if(hSl <= 0) {return;}
  document.getElementById("sponsoredLinksCSA").style.height='auto';
  document.getElementById("sponsoredLinksCSA").style.overflow='visible';
  document.getElementById("sponsoredLinksCsaIframe").height= hSl;
}

var handleLoadedSL = function(visUrls) {
  var adsLoaded = visUrls.length;
  slEndTime = new Date().getTime();
  var getTime = slEndTime - slStartTime;

  var requestId = "05RJQ27WRTNRY1YBHKCM";
  var requestTag = "wCHASOmdM2GThE8Y";
  var sessionId = "280-6066651-0896728";
  var marketplace = "DE";
  var marketplaceId = "A1PA6795UKMFR9";
  var method = "Detail";
  
  var fVip = "https://fls-eu.amazon.com";
  var fApiVersion = "1";
  var fChannelId = "a9-sl-requests";
  var fChannelVersion = "1";
  var fAction = "OP";
  var fProgramGroup = "a9-sl";
  
  var jsLoadedTime = jsSlLoaded - slStartTime;
  var csaGet = slEndTime - jsSlLoaded;
  var cfTime = cfSlLoaded - slStartTime;
  var readyCallGoogleTime = readyCallGoogle - slStartTime;
  
  var fMetrics = "time_elapsed_csa_:total@v=" + getTime
    + ",jsLoaded@v=" + jsLoadedTime
    + ",cfLoaded@v=" + cfTime
    + ",readyCallGoogle@v=" + readyCallGoogleTime
    + ",GET@v=" + csaGet + ":u=ms";
    
  var fUrl = [fVip, fApiVersion, fChannelId, fChannelVersion, fAction, fProgramGroup, "action", fMetrics].join("/");

  var visUrlsPlaceHolder = [];
  for( var i = 1; i <= visUrls.length; i++)
  {
     visUrlsPlaceHolder.push("visUrl" + i);    
  }
  
  new Image().src = fUrl 
      + "?" 
      + "marketplaceId=" + encodeURIComponent(marketplaceId)
      + "&session=" + encodeURIComponent(sessionId)
      + "&requestId=" + encodeURIComponent(requestId)
      + "&marketplace=" + encodeURIComponent(marketplace)
      + "&requestTag=" + encodeURIComponent(requestTag)
      + "&service=ClientSideSL"
      + "&adsLoaded=" + encodeURIComponent(adsLoaded)
      + "&method=" + encodeURIComponent(method)
      + "&visUrls=" + encodeURIComponent(visUrlsPlaceHolder)
      + "&logType=impression";
  
};

var slAdsArgs = {
	"adProperties": adblock1, 
	"pageOptions": pageOptions, 
	"operation": "showSLAds"
};

function initSLFrame() {

		cfSlLoaded = new Date().getTime();
		
		var two_column_format_threshold = 1180; 
		browserWidth = window.innerWidth || document.body.clientWidth;
		var isTwoColumn = 0;
		if ( browserWidth && browserWidth < two_column_format_threshold )
		{
		    pageOptions['domTemplate'] = 'twoColumnBulleted';
		    isTwoColumn = 1;
		}
		
		if ( 'false' == 'true' )
		{
		    if (isTwoColumn)
		    {
		         pageOptions['cssFileName'] = 'amazon_grey_bulleted_two_column';
		    }
		    else
		    {
		         pageOptions['cssFileName'] = 'amazon_numbered_three_column_for_non_Search';		    
		    }
		} else{
		    if (isTwoColumn)
		    {
		         pageOptions['cssFileName'] = 'amazon_bulleted_two_column';
		    }
		    else
		    {
		         pageOptions['cssFileName'] = 'amazon_numbered_three_column_for_non_Search';		    
		    }
		
		}
		
		var slIframeElem = document.getElementById("sponsoredLinksCsaIframe");
		if(slIframeElem) {
			slIframeElem.contentWindow.postMessage(JSON.stringify(slAdsArgs), "https://d14qd3he45186l.cloudfront.net");
		}
}


var emitSLFeedbackForm = function(visUrls) {};

var processSLIframeMessage = function(event) {
 try{
	if(event.origin != 'https://d14qd3he45186l.cloudfront.net') {
		return;
	}
	var slMessage = JSON.parse(event.data);
	if(slMessage.operation == 'adsReturned') {
		handleLoadedSL(slMessage.visUrls);
		emitSLFeedbackForm(slMessage.visUrls);
	} else if(slMessage.operation == 'jsLoaded') {
		jsSlLoaded = new Date().getTime();
		readyCallGoogle = slMessage.readyCallGoogle;
	} else if(slMessage.operation == 'resize') {
		handleSLSize(slMessage.height);
	} else if(slMessage.operation == 'initializeFrame') {
		initSLFrame();
	}
  }
  catch(e)
  {
  }
}

if(typeof registeredSLEventListener == 'undefined') {
	var registeredSLEventListener = 1;
	if(window.addEventListener) {
		window.addEventListener("message", processSLIframeMessage, false);
	} else {
		window.attachEvent("onmessage", processSLIframeMessage);
	}
}

var sponsoredlinks_isPlacementChose = 0;

P.when('jQuery','cf').execute(function($) {

   	  if (sponsoredlinks_isPlacementChose)
   	  {
   	  	  return;
   	  }
   	  
   	  var topElem = document.getElementById("dp-out-of-stock-3psl");
   	  var bottomElem = document.getElementById("dp-ads-middle-3psl");
   	  
   	  
   	  if ( !bottomElem || !topElem )
   	  {
   	     return;
   	  }
 
   	  
   	  var topYPosition = $('#dp-out-of-stock-3psl').offset().top;
   	  var screenY = $(window).height();;
   	  
   	  
   	  if ( topYPosition <= screenY )
   	  {
   	      $('#dp-out-of-stock-3psl').empty();
   	      
     	  sendLoggingRequest("js_csa_:change_placement@v=1");
   	  }else{
   	  	  $('#dp-ads-middle-3psl').empty();
   	  }

      sendLoggingRequest("js_csa_:high_placement_request@v=1");   	     	  
      sponsoredlinks_isPlacementChose = 1;      
      
   	  var slIframeElem = document.getElementById("sponsoredLinksCsaIframe");
	
	  if(slIframeElem) {
    	  slIframeElem.src="https://d14qd3he45186l.cloudfront.net/ads-search32.html";
	  }
});

 
</script>

</div>

</div>



  
  
  
  

  
  <style> .sp-dp-ellipsis { overflow: hidden; white-space: normal; } .sp-dp-offer-title { max-height: 76px; } .sp-dp-author { max-height: 17px; } </style> <hr size="1" noshade="noshade" class="bucketDivider"> <div id="sponsored-products-dp_feature_div" style="overflow:hidden;"> <div class="a-section a-spacing-none a-row"> <div id="sp_detail2" data-a-display-strategy="swap" data-a-transition-strategy="swap" data-a-ajax-strategy="clicksCustomAjax" data-a-carousel-options='{"name":"sp_detail2_carousel", "initialSeenAsins":"\"B013P1445C\",\"B0118X3SC4\",\"B01G2F7XYM\",\"B00KDFB4LG\",\"B015B1BWTA\",\"B00R4996YQ\",\"B00Y127RPO\"" , "circular":false, "auto_adjust_height":true, "ajax":{"params":{&quot;ASIN&quot;:&quot;B00BSNACII&quot;,&quot;ie&quot;:&quot;UTF8&quot;,&quot;searchTerms&quot;:&quot;&quot;,&quot;searchIndex&quot;:&quot;&quot;,&quot;referringSearchEngine&quot;:&quot;&quot;,&quot;wName&quot;:&quot;sp_detail2&quot;,&quot;pRID&quot;:&quot;05RJQ27WRTNRY1YBHKCM&quot;,&quot;start&quot;:&quot;7&quot;,&quot;cc&quot;:&quot;7&quot;}, "url":"/gp/nemo/spd/handlers/spd-shov.html"}, "set_size":"8"}' class="a-carousel-container a-carousel-display-swap a-carousel-transition-swap"> <form class="a-carousel-state" action="#" method="get"><input autocomplete="on" type="hidden" name="firstVisibleItem" class="a-carousel-firstvisibleitem"></form> <div class="a-row a-carousel-header-row a-size-large pa_componentTitleTest"> <div class="a-column a-span8"> <h2 class="a-carousel-heading"> Gesponserte Produkte zu diesem Artikel <a class='a-size-base a-text-normal a-declarative' data-action='a-popover' data-a-popover='{"name":"sponsored-products-related", "position":"triggerBottom", "activate":"onclick"}' href='javascript:void(0)'> (Was ist das?) </a> </h2> </div> <div class="a-column a-span4 a-span-last a-text-right"> <span class="a-carousel-pagination a-size-base"> <span class="a-carousel-page-count"> Seite <span class="a-carousel-page-current"> 1 </span> von <span class="a-carousel-page-max"> 1 </span> </span> <span class="a-carousel-restart-container"> <span class="a-text-separator"></span> <a class="a-carousel-restart" href="#">Zum Anfang</a> </span> </span> </div> </div> <div class="a-popover-content a-popover-preload" id="a-popover-sponsored-products-related"> <p> Gesponserte Produkte sind Anzeigen für Produkte, die von Händlern auf Amazon.de verkauft werden. Wenn Sie auf eine Anzeige für ein Gesponsertes Produkt klicken, werden Sie zu einem Amazon Detailseite gebracht, wo Sie mehr über das Produkt erfahren und es kaufen können. </p> <p> Weitere Informationen über Amazon Gesponserte Produkte, <a class="a-link-normal" target="_blank" href="http://services.amazon.de/programme/gesponserte-produkte/so-funktionierts.html?ld=AZDESPWhatsThis">klicken Sie hier</a>. <p> </div> <div class="a-row a-carousel-controls a-carousel-row a-carousel-has-buttons"> <div class="a-carousel-row-inner"> <div class="a-carousel-col a-carousel-center"> <div class="a-carousel-viewport"> <ol class="a-carousel" aria-live="assertive" role="list"> <li class="a-carousel-card" role="listitem" style="width:160px;" aria-setsize="8"> <div id="05RJQ27WRTNRY1YBHKCM_sp_detail2_1_1" data-asin="B013P1445C"> <div class="sp_offerVertical"> <div class="pa_feedbackForm_container_sp_detail2" style="display:none"> <div class="sp_adID"> <span id="pa_05RJQ27WRTNRY1YBHKCM_sp_detail2_1_1" class="a-declarative" data-action="a-modal" data-a-modal="{&quot;url&quot;:&quot;/gp/sponsored-products/lazyLoad/handler/sp-feedback-handler.html?pl=7AK4I%2F5j5M%2FHkgGPhkzm%2BgZ1PWm5v4b5KlNRvfMm%2BCYNgKh2K1Rq7jJ%2FAWFgIyYqBx%2B4lPRDrts0n1SAyPeWeGr1LHs2CVOwwcP54JLKsChhGGn5xaxn7OaV%2FD85u8BT9yePDu0WZJSNBjoHp2cDY2Dnoy3GxZYyOj4qOJf1TpblR7YNBZnu12WkeUAghHrPGEH4kAmkI%2B5M29xXLpyWqv7JUsCMKNDQ0KeSkVyu1dwTNo4kkTW7pWE55ciXyJjLamH6aXo3iPElwav2fXqzNVWairsxiEMmpsVY1u7d8V3i1W0eu9uF8VOOjSG0x%2BVAI93%2B9Jl0wxs%2FV6rsTC2wwHIYOISP9EO2ksyaoXN%2FF0rpuqaN%2BcU3YgS3T9gFZzN0%2B5zqTzh2r%2F8MLcc9fO%2F9lWPPXFbi13s18NHpgb0dZHMoJY%2FjVY1DRaPhpHwzKlKFdJLPOPnQABDetO%2BkeVi61JRmylYloo9%2Fp5o8ZHZb%2F5%2FqJElXwWKACnkfPC5zYvvZtuxiF9mfH5rP810u1%2BJlwyeBXAXUsJL6tg8EodmkV1xdSUkaRiSAnUsq52OBwHbms1AwuZKAGD%2B9AI8qVDQS3TCY23dFdlUY9HrFo1AljqNv3PDnVItJrA%3D%3D&quot;,&quot;name&quot;:&quot;sponsored-products-feedback-modal-sp_detail2&quot;,&quot;header&quot;:&quot;Feedback mitteilen&quot;,&quot;footer&quot;:&quot;&lt;div id='sponsored-products-feedback-footer'&gt;&lt;/div&gt;&quot;,&quot;width&quot;:&quot;350&quot;}"> <a class="a-popover-trigger a-declarative">Feedback</a> </span> </div> </div> <div class="sp_dpOffer"> <a href="/gp/slredirect/picassoRedirect.html/ref=dp_sp_detail2_0?ie=UTF8&amp;adId=A05515091YV5KI92R0XC1&amp;url=%2Fdp%2FB013P1445C%3Fpsc%3D1&amp;qualifier=508063&amp;id=7605715936574278912&amp;widgetName=sp_detail2" title="Aptamil Kinder-Milch Junior 1+ ab dem 12. Monat, 10er Pack (10 x 800g)" target="_self"> <div class="a-carousel-photo"><img border="0" alt="" src="http://ecx.images-amazon.com/images/I/51AldmlYRoL._AC_SR160,160_.jpg"></div> <div data-rows="4" aria-hidden="true" class="sponsored-products-truncator-truncate sponsored-products-truncator-line-clamp-4">Aptamil Kinder-Milch Junior 1+ ab dem 12. Monat, 10er Pack (10 x 800g)</div> </a> <div class="a-icon-row"> <a href="/gp/slredirect/picassoRedirect.html/ref=sp_detail2_dktp_cr?ie=UTF8&amp;adId=A05515091YV5KI92R0XC1&amp;url=%2Fdp%2FB013P1445C%3Fpsc%3D1%23customerReviews&amp;qualifier=508063&amp;id=7605715936574278912&amp;widgetName=sp_detail2"> <i class="a-icon a-icon-star a-star-5" title="5 von 5 Sternen"> <span class="a-icon-alt">5 von 5 Sternen </span> </i> </a> <a class="a-size-base" href="/gp/slredirect/picassoRedirect.html/ref=sp_detail2_dktp_cr?ie=UTF8&amp;adId=A05515091YV5KI92R0XC1&amp;url=%2Fdp%2FB013P1445C%3Fpsc%3D1%23customerReviews&amp;qualifier=508063&amp;id=7605715936574278912&amp;widgetName=sp_detail2">6</a> </div> <div class="a-row a-color-price"> EUR 174,89&nbsp; <span class="a-size-mini">(EUR 21,86/kg) </span> </div> </div> </div> </div> <script> P.when('A', 'call-on-visible').execute(function(A) { var offer = A.$("#05RJQ27WRTNRY1YBHKCM_sp_detail2_1_1"); if (typeof offer.callOnVisible == "function") { offer.callOnVisible(function () { var img = new Image(); img.src = "http://fls-eu.amazon.com/1/amazon-clicks/1/OP/?requestId=05RJQ27WRTNRY1YBHKCM&childRequestId=05RJQ27WRTNRY1YBHKCM&widgetName=sp_detail2&searchResultNumber=1&impressionRankOnAsin=1"; this.setAttribute("id", "05RJQ27WRTNRY1YBHKCM_sp_detail2_1_1" + "_sent"); }); } }); </script> </li> <li class="a-carousel-card" role="listitem" style="width:160px;" aria-setsize="8"> <div id="05RJQ27WRTNRY1YBHKCM_sp_detail2_1_2" data-asin="B0118X3SC4"> <div class="sp_offerVertical"> <div class="pa_feedbackForm_container_sp_detail2" style="display:none"> <div class="sp_adID"> <span id="pa_05RJQ27WRTNRY1YBHKCM_sp_detail2_1_2" class="a-declarative" data-action="a-modal" data-a-modal="{&quot;url&quot;:&quot;/gp/sponsored-products/lazyLoad/handler/sp-feedback-handler.html?pl=LsM%2F7bg7bIoCzsopWBzc%2FLMBltZ20YR4B%2F%2FgrsBfiUAnge%2BU1N3yjvB%2FJhhVmHnHx9hg3xgBe1svZqJzEP9%2FWEi2854cognGeb0ctTyuGYT4hrIkn7N85DXn%2F0BUhY80w7sK628ZXfWQA9WBAMEclDQwATpK%2BSD1whsQk7TMvD39D00aO1jXTEkMu1v6JQakIeW1CSJxeXq0LTVnLtHPC6SuXzZsabczSHCJSr2mOuMrrhr1svRJJIHJJYSjyAfrqypVjJvjxNER5wTjmf9c9U514AmpNXrL83lAYjfuB6yEa%2FA%2Fi%2B56xcjGBdxaNF3TrZwdEXa6aspUSwlIHhgu4N3DP0m7AJY1wnZ2p6PjYRPjl4O3jyr3VrK3TIwCYO2i9tS5xF5rj5dOkhZ6P5VxfWqp58MNVYs8J8ZmVKF%2BO2JW2ylzc5QXlgHYPA3Q46eZi8cEWvmKwIDxyBRHI3vEH4xkstsIxTTNi1m2ewZRFx7TuUvasui3vXayKchu5RlwxJ40ifmmKPbIO1ZhM4El%2FzEHMja3KBAppR5%2Fl1uNjByqBLZzKyccDnxuUmpjrRF9JaOvMavbjGSc0uaedAN4sA%3D%3D&quot;,&quot;name&quot;:&quot;sponsored-products-feedback-modal-sp_detail2&quot;,&quot;header&quot;:&quot;Feedback mitteilen&quot;,&quot;footer&quot;:&quot;&lt;div id='sponsored-products-feedback-footer'&gt;&lt;/div&gt;&quot;,&quot;width&quot;:&quot;350&quot;}"> <a class="a-popover-trigger a-declarative">Feedback</a> </span> </div> </div> <div class="sp_dpOffer"> <a href="/gp/slredirect/picassoRedirect.html/ref=dp_sp_detail2_1?ie=UTF8&amp;adId=A0260518KQEE0MF4N8U2&amp;url=%2Fdp%2FB0118X3SC4%3Fpsc%3D1&amp;qualifier=508063&amp;id=7605715936574278912&amp;widgetName=sp_detail2" title="Hipp 3 Milchnahrung Bio, 4er Pack (4 x 600 g) - Bio" target="_self"> <div class="a-carousel-photo"><img border="0" alt="" src="http://ecx.images-amazon.com/images/I/51dQloba9iL._AC_SR160,160_.jpg"></div> <div data-rows="4" aria-hidden="true" class="sponsored-products-truncator-truncate sponsored-products-truncator-line-clamp-4">Hipp 3 Milchnahrung Bio, 4er Pack (4 x 600 g) - Bio</div> </a> <div class="a-row a-color-price"> EUR 29,88&nbsp; <span class="a-size-mini">(EUR 12,45/kg) </span> <span style="position: relative; top: 2px;"> <i class="a-icon a-icon-prime a-icon-small" title="Prime"> <span class="a-icon-alt">Prime</span> </i> </span> </div> </div> </div> </div> <script> P.when('A', 'call-on-visible').execute(function(A) { var offer = A.$("#05RJQ27WRTNRY1YBHKCM_sp_detail2_1_2"); if (typeof offer.callOnVisible == "function") { offer.callOnVisible(function () { var img = new Image(); img.src = "http://fls-eu.amazon.com/1/amazon-clicks/1/OP/?requestId=05RJQ27WRTNRY1YBHKCM&childRequestId=05RJQ27WRTNRY1YBHKCM&widgetName=sp_detail2&searchResultNumber=1&impressionRankOnAsin=2"; this.setAttribute("id", "05RJQ27WRTNRY1YBHKCM_sp_detail2_1_2" + "_sent"); }); } }); </script> </li> <li class="a-carousel-card" role="listitem" style="width:160px;" aria-setsize="8"> <div id="05RJQ27WRTNRY1YBHKCM_sp_detail2_1_3" data-asin="B01G2F7XYM"> <div class="sp_offerVertical"> <div class="pa_feedbackForm_container_sp_detail2" style="display:none"> <div class="sp_adID"> <span id="pa_05RJQ27WRTNRY1YBHKCM_sp_detail2_1_3" class="a-declarative" data-action="a-modal" data-a-modal="{&quot;url&quot;:&quot;/gp/sponsored-products/lazyLoad/handler/sp-feedback-handler.html?pl=3Wst5j50yd5xUD8Crimf11uXP0cKxnhZfdYmH7hNZMw%2Bq9MjRLNfVC52UD7%2BmUx8BR1bdslMipgjCApoXnb9Lql31PVSuBRKdGvXVM3I7zmbBi8N2Q4OBwWk4NhaORgb4vmBNym2iBIbHFE3l3%2BnjNV2gJeUhnn6AjEDXFF71ugQCA15cFJiemRvFbF81%2B%2Ft%2B%2Fpn%2BI%2F2aNKzEotccmJUSUhk%2FNRXbkaq0u%2B3GBi4mWZ1JYa%2F6bIFLXuc5bSttuDVTiwUn8OtHDt58KwFOJs9oInxW7Rg75Y4iJ1XX7lOclF9vn4KMdX4Ng%2Fy0JlZ1MsuWwgyN6tF8mb4ntlHCdb7ji%2Bmq6BnxxsyUjTALqt30b5oB1lrPp%2FmJeRGYWDzrfoYfkzCCR0BenTGOfb4l%2B2fCSiCIW%2B1owjwljwWDWkFqJgTGlHmfd%2FZfaddfhskenNrfcUyZMa3wB84o5j9D9ogzpqtcWvuTxjFge%2BHyRvlD8TpzBk8kCogdbm%2BDUAWrZlNVX3ojBmJPDa2DIB72tYRRj60uFlHMXZKEMwl4R%2FL4%2BGshEmTqQSNYTGO9tvdOK3GbQj1XunoGhvfzI6HvtX1uBgG5p9RIWmJ&quot;,&quot;name&quot;:&quot;sponsored-products-feedback-modal-sp_detail2&quot;,&quot;header&quot;:&quot;Feedback mitteilen&quot;,&quot;footer&quot;:&quot;&lt;div id='sponsored-products-feedback-footer'&gt;&lt;/div&gt;&quot;,&quot;width&quot;:&quot;350&quot;}"> <a class="a-popover-trigger a-declarative">Feedback</a> </span> </div> </div> <div class="sp_dpOffer"> <a href="/gp/slredirect/picassoRedirect.html/ref=dp_sp_detail2_2?ie=UTF8&amp;adId=A10372942VQ5PF3EWLE6T&amp;url=%2Fdp%2FB01G2F7XYM%3Fpsc%3D1&amp;qualifier=508063&amp;id=7605715936574278912&amp;widgetName=sp_detail2" title="Aptamil 2 Folgemilch mit Pronutra A, 4er Pack (4 x 800g)" target="_self"> <div class="a-carousel-photo"><img border="0" alt="" src="http://ecx.images-amazon.com/images/I/51DADQb7HxL._AC_SR160,160_.jpg"></div> <div data-rows="4" aria-hidden="true" class="sponsored-products-truncator-truncate sponsored-products-truncator-line-clamp-4">Aptamil 2 Folgemilch mit Pronutra A, 4er Pack (4 x 800g)</div> </a> <div class="a-icon-row"> <a href="/gp/slredirect/picassoRedirect.html/ref=sp_detail2_dktp_cr?ie=UTF8&amp;adId=A10372942VQ5PF3EWLE6T&amp;url=%2Fdp%2FB01G2F7XYM%3Fpsc%3D1%23customerReviews&amp;qualifier=508063&amp;id=7605715936574278912&amp;widgetName=sp_detail2"> <i class="a-icon a-icon-star a-star-5" title="5 von 5 Sternen"> <span class="a-icon-alt">5 von 5 Sternen </span> </i> </a> <a class="a-size-base" href="/gp/slredirect/picassoRedirect.html/ref=sp_detail2_dktp_cr?ie=UTF8&amp;adId=A10372942VQ5PF3EWLE6T&amp;url=%2Fdp%2FB01G2F7XYM%3Fpsc%3D1%23customerReviews&amp;qualifier=508063&amp;id=7605715936574278912&amp;widgetName=sp_detail2">3</a> </div> <div class="a-row a-color-price"> EUR 74,88&nbsp; <span class="a-size-mini">(EUR 23,40/kg) </span> </div> </div> </div> </div> <script> P.when('A', 'call-on-visible').execute(function(A) { var offer = A.$("#05RJQ27WRTNRY1YBHKCM_sp_detail2_1_3"); if (typeof offer.callOnVisible == "function") { offer.callOnVisible(function () { var img = new Image(); img.src = "http://fls-eu.amazon.com/1/amazon-clicks/1/OP/?requestId=05RJQ27WRTNRY1YBHKCM&childRequestId=05RJQ27WRTNRY1YBHKCM&widgetName=sp_detail2&searchResultNumber=1&impressionRankOnAsin=3"; this.setAttribute("id", "05RJQ27WRTNRY1YBHKCM_sp_detail2_1_3" + "_sent"); }); } }); </script> </li> <li class="a-carousel-card" role="listitem" style="width:160px;" aria-setsize="8"> <div id="05RJQ27WRTNRY1YBHKCM_sp_detail2_1_4" data-asin="B00KDFB4LG"> <div class="sp_offerVertical"> <div class="pa_feedbackForm_container_sp_detail2" style="display:none"> <div class="sp_adID"> <span id="pa_05RJQ27WRTNRY1YBHKCM_sp_detail2_1_4" class="a-declarative" data-action="a-modal" data-a-modal="{&quot;url&quot;:&quot;/gp/sponsored-products/lazyLoad/handler/sp-feedback-handler.html?pl=Paf223IDgoHQowBiJV0GVW3%2BXreOgzX2Gdcj9SoXJrZY5aB0Wt%2B4vSGFbYY5GLptdn1oC77Yfkn8y2NfBLXjtzUdEz4rh9Yn%2FI97%2FqzkKDsYPdtLLtD2tOBfxBn6xFVOnpoxFqZ0cK%2F7apGPh3KNa%2BOidddvcSdxLTuMQKAOguupYrUmcrHzrbLp4ZhLsvRJ5Id2ZODi973xwowNhLaC6XgfIa%2Fo%2BlNJ7CdDFYkRzEhMKaCvDWBVv6NxTXzi2UC2dZeF4fVCssO6Bzaltsigr6B9MH%2BbmGqm4e1Utob5ezHO84pYBL3tHtsGwbxpuSnnkISZT4%2BCu2uJ13brsMbi7FsFsWa7RhIS7ipK6%2FQ5Li5p31aCyca044OCtnc0eZyjKs8Ifwa20F9XmM1nAHvreFWjA91UYdmJz7NnrwFEwJpO6zDofdDFOzQ3rub1%2Fx6dWqCNGktdPG9btlxfx8hEJ2djAAW6bS1wK%2FWgBOGkXA1hR474xspycRjbRPOxIS8yUR%2FmF46A0VzSZPy93Yxk5nhXrMsrCKC%2FanqBdbmX4OqZpgCXrp3%2FUTzSDrp%2BTpda29qTxSF10VJqqXLF%2FMjdyldlhWNjv%2FAXtOe5%2FCWeXl8%3D&quot;,&quot;name&quot;:&quot;sponsored-products-feedback-modal-sp_detail2&quot;,&quot;header&quot;:&quot;Feedback mitteilen&quot;,&quot;footer&quot;:&quot;&lt;div id='sponsored-products-feedback-footer'&gt;&lt;/div&gt;&quot;,&quot;width&quot;:&quot;350&quot;}"> <a class="a-popover-trigger a-declarative">Feedback</a> </span> </div> </div> <div class="sp_dpOffer"> <a href="/gp/slredirect/picassoRedirect.html/ref=dp_sp_detail2_3?ie=UTF8&amp;adId=A03608483JIVYDB10AS7N&amp;url=%2Fdp%2FB00KDFB4LG%3Fpsc%3D1%26smid%3DA19GXCM6XB2JP7&amp;qualifier=508063&amp;id=7605715936574278912&amp;widgetName=sp_detail2" title="Aptamil Kinder-Milch Junior 2+ ab dem 2. Jahr, 6er Pack (6 x 800g)" target="_self"> <div class="a-carousel-photo"><img border="0" alt="" src="http://ecx.images-amazon.com/images/I/51hba5V-hRL._AC_SR160,160_.jpg"></div> <div data-rows="4" aria-hidden="true" class="sponsored-products-truncator-truncate sponsored-products-truncator-line-clamp-4">Aptamil Kinder-Milch Junior 2+ ab dem 2. Jahr, 6er Pack (6 x 800g)</div> </a> <div class="a-icon-row"> <a href="/gp/slredirect/picassoRedirect.html/ref=sp_detail2_dktp_cr?ie=UTF8&amp;adId=A03608483JIVYDB10AS7N&amp;url=%2Fdp%2FB00KDFB4LG%3Fpsc%3D1%26smid%3DA19GXCM6XB2JP7%23customerReviews&amp;qualifier=508063&amp;id=7605715936574278912&amp;widgetName=sp_detail2"> <i class="a-icon a-icon-star a-star-4-5" title="4.3 von 5 Sternen"> <span class="a-icon-alt">4.3 von 5 Sternen </span> </i> </a> <a class="a-size-base" href="/gp/slredirect/picassoRedirect.html/ref=sp_detail2_dktp_cr?ie=UTF8&amp;adId=A03608483JIVYDB10AS7N&amp;url=%2Fdp%2FB00KDFB4LG%3Fpsc%3D1%26smid%3DA19GXCM6XB2JP7%23customerReviews&amp;qualifier=508063&amp;id=7605715936574278912&amp;widgetName=sp_detail2">6</a> </div> <div class="a-row a-color-price"> EUR 103,40&nbsp; <span class="a-size-mini">(EUR 15,21/kg) </span> <span style="position: relative; top: 2px;"> <i class="a-icon a-icon-prime a-icon-small" title="Prime"> <span class="a-icon-alt">Prime</span> </i> </span> </div> </div> </div> </div> <script> P.when('A', 'call-on-visible').execute(function(A) { var offer = A.$("#05RJQ27WRTNRY1YBHKCM_sp_detail2_1_4"); if (typeof offer.callOnVisible == "function") { offer.callOnVisible(function () { var img = new Image(); img.src = "http://fls-eu.amazon.com/1/amazon-clicks/1/OP/?requestId=05RJQ27WRTNRY1YBHKCM&childRequestId=05RJQ27WRTNRY1YBHKCM&widgetName=sp_detail2&searchResultNumber=1&impressionRankOnAsin=4"; this.setAttribute("id", "05RJQ27WRTNRY1YBHKCM_sp_detail2_1_4" + "_sent"); }); } }); </script> </li> <li class="a-carousel-card" role="listitem" style="width:160px;" aria-setsize="8"> <div id="05RJQ27WRTNRY1YBHKCM_sp_detail2_1_5" data-asin="B015B1BWTA"> <div class="sp_offerVertical"> <div class="pa_feedbackForm_container_sp_detail2" style="display:none"> <div class="sp_adID"> <span id="pa_05RJQ27WRTNRY1YBHKCM_sp_detail2_1_5" class="a-declarative" data-action="a-modal" data-a-modal="{&quot;url&quot;:&quot;/gp/sponsored-products/lazyLoad/handler/sp-feedback-handler.html?pl=ODBTl49vWodYggahYxps0pt8bNrEs9%2FL6649ir%2BfshiAlAyoHANtruquyZWzDBhHUKsJ9usZOzCWpH2nzG5ovrpdueqgv6JnfY7fJvfx%2BrwJuHd5lR%2BEGd40ioBFjZC1D0Qj1XFCb7mjVwl1m%2F2B7GbDE1iCGw2UqwOsHOyrZCUNZE2mGhwOKCZMQLVAFXVzmMJfMJ1vfu%2BUF1Mp7JjFU13H65N2gnokLody0GC1l9J9tZlIDy5NvzzDYAkUpIlsrwiYSE1qtS6G9qidZoWYEw2JZ9bxbhjq%2BaKtOCKr4%2B8XsXvEBCOpiiOO7CaZXKs7%2BLuX1gZr8Tnz8BxdZNgv7ssEZXJD1zLdgFqY4KzsU%2FO38fr2P5%2B0twjJLV96D0guLlsXh1AuBGvnwbhYAesFY3cdBAXIf5w8meRgjrFisksQMR5tlWcN6m6wFXPPvVdMZKQULWy%2Bla1iAJXgsUZyIp4KMic8If86%2BCjJN31ul9adoaQbJgcNiA6l1htyA09mi9YRxGxIg730DieCrcyD9LPlhADkTK5f24xN6Is3M5QHMHgZJ0yrEFCVdbYnrDIzbnNabSeQJFJozYp%2FSFoJUknaewtG%2F2mHMOD73YQB9uY%3D&quot;,&quot;name&quot;:&quot;sponsored-products-feedback-modal-sp_detail2&quot;,&quot;header&quot;:&quot;Feedback mitteilen&quot;,&quot;footer&quot;:&quot;&lt;div id='sponsored-products-feedback-footer'&gt;&lt;/div&gt;&quot;,&quot;width&quot;:&quot;350&quot;}"> <a class="a-popover-trigger a-declarative">Feedback</a> </span> </div> </div> <div class="sp_dpOffer"> <a href="/gp/slredirect/picassoRedirect.html/ref=dp_sp_detail2_4?ie=UTF8&amp;adId=A100532733LZLLK02DJUK&amp;url=%2Fdp%2FB015B1BWTA%3Fpsc%3D1%26smid%3DA19GXCM6XB2JP7&amp;qualifier=508063&amp;id=7605715936574278912&amp;widgetName=sp_detail2" title="Aptamil Kinder-Milch Junior 2+ ab dem 2. Jahr, 12er Pack (12 x 800g)" target="_self"> <div class="a-carousel-photo"><img border="0" alt="" src="http://ecx.images-amazon.com/images/I/512rHqE25WL._AC_SR160,160_.jpg"></div> <div data-rows="4" aria-hidden="true" class="sponsored-products-truncator-truncate sponsored-products-truncator-line-clamp-4">Aptamil Kinder-Milch Junior 2+ ab dem 2. Jahr, 12er Pack (12 x 800g)</div> </a> <div class="a-icon-row"> <a href="/gp/slredirect/picassoRedirect.html/ref=sp_detail2_dktp_cr?ie=UTF8&amp;adId=A100532733LZLLK02DJUK&amp;url=%2Fdp%2FB015B1BWTA%3Fpsc%3D1%26smid%3DA19GXCM6XB2JP7%23customerReviews&amp;qualifier=508063&amp;id=7605715936574278912&amp;widgetName=sp_detail2"> <i class="a-icon a-icon-star a-star-5" title="5 von 5 Sternen"> <span class="a-icon-alt">5 von 5 Sternen </span> </i> </a> <a class="a-size-base" href="/gp/slredirect/picassoRedirect.html/ref=sp_detail2_dktp_cr?ie=UTF8&amp;adId=A100532733LZLLK02DJUK&amp;url=%2Fdp%2FB015B1BWTA%3Fpsc%3D1%26smid%3DA19GXCM6XB2JP7%23customerReviews&amp;qualifier=508063&amp;id=7605715936574278912&amp;widgetName=sp_detail2">1</a> </div> <div class="a-row a-color-price"> EUR 212,97&nbsp; <span class="a-size-mini">(EUR 22,18/kg) </span> </div> </div> </div> </div> <script> P.when('A', 'call-on-visible').execute(function(A) { var offer = A.$("#05RJQ27WRTNRY1YBHKCM_sp_detail2_1_5"); if (typeof offer.callOnVisible == "function") { offer.callOnVisible(function () { var img = new Image(); img.src = "http://fls-eu.amazon.com/1/amazon-clicks/1/OP/?requestId=05RJQ27WRTNRY1YBHKCM&childRequestId=05RJQ27WRTNRY1YBHKCM&widgetName=sp_detail2&searchResultNumber=1&impressionRankOnAsin=5"; this.setAttribute("id", "05RJQ27WRTNRY1YBHKCM_sp_detail2_1_5" + "_sent"); }); } }); </script> </li> <li class="a-carousel-card" role="listitem" style="width:160px;" aria-setsize="8"> <div id="05RJQ27WRTNRY1YBHKCM_sp_detail2_1_6" data-asin="B00R4996YQ"> <div class="sp_offerVertical"> <div class="pa_feedbackForm_container_sp_detail2" style="display:none"> <div class="sp_adID"> <span id="pa_05RJQ27WRTNRY1YBHKCM_sp_detail2_1_6" class="a-declarative" data-action="a-modal" data-a-modal="{&quot;url&quot;:&quot;/gp/sponsored-products/lazyLoad/handler/sp-feedback-handler.html?pl=20Ov6uevqfyB%2FApst5nPdGduhyBMK7ludl4FM%2BMhxqkDDjypVIASAQ93k6fvb%2F%2FvsDsUIPP3BYJPYzO3pzABkTIay0zdUxpVQWUQmOM%2Bo42l7HaYdRRoyHNpzmADX%2FIAKs%2FDPq2mzLF5SGXqtpBYKSWmdk0YYAN6ItfP2DvNN1t1931S4ocUHCcL4263BQoer5I7naAY9RbuQjb8dODhHRLJVxE8dMusxg4PEYSgjK0i8W2pqpgMS%2Fx6ZmIMYGtQHEPHZ1ccLLUrz6nSRn0Lnnwyx6mWObPiPk%2F7j8Cz5ofIExd5a1QX70OiUuspFEbfDMZgTeM1dajBoU%2BE%2FbjID%2FOUxCbNOYRQIeAx459dG9IXUjlx9OzTSiDjenoaeldwbOzndJuxl5VPOYtIETlEHODIz95W%2FeQM0gybJe3sonvWHRoU4%2FCef9CLbTSS7rAUWO6xQc5kNiIf%2FwnfAL7LaLRADi%2BFI7DWpu25ZbomXIXAJkketpXMHSEU85Mgd4QeRezU2Muzn8HxmB3WxwoDrUu%2B%2FYiN2Px0cnMCc7i5t8pna4YzPxwguwlnBRopH0NBSGcBEHMgkytX9gjG9qw2FaaVn6WRk%2Bc3&quot;,&quot;name&quot;:&quot;sponsored-products-feedback-modal-sp_detail2&quot;,&quot;header&quot;:&quot;Feedback mitteilen&quot;,&quot;footer&quot;:&quot;&lt;div id='sponsored-products-feedback-footer'&gt;&lt;/div&gt;&quot;,&quot;width&quot;:&quot;350&quot;}"> <a class="a-popover-trigger a-declarative">Feedback</a> </span> </div> </div> <div class="sp_dpOffer"> <a href="/gp/slredirect/picassoRedirect.html/ref=dp_sp_detail2_5?ie=UTF8&amp;adId=A08637133E0B7XCQ3YT7B&amp;url=%2Fdp%2FB00R4996YQ%3Fpsc%3D1%26smid%3DA19GXCM6XB2JP7&amp;qualifier=508063&amp;id=7605715936574278912&amp;widgetName=sp_detail2" title="Aptamil 3 Folgemilch mit Pronutra A, 6er Pack (6 x 800g)" target="_self"> <div class="a-carousel-photo"><img border="0" alt="" src="http://ecx.images-amazon.com/images/I/51dk8xyjxTL._AC_SR160,160_.jpg"></div> <div data-rows="4" aria-hidden="true" class="sponsored-products-truncator-truncate sponsored-products-truncator-line-clamp-4">Aptamil 3 Folgemilch mit Pronutra A, 6er Pack (6 x 800g)</div> </a> <div class="a-icon-row"> <a href="/gp/slredirect/picassoRedirect.html/ref=sp_detail2_dktp_cr?ie=UTF8&amp;adId=A08637133E0B7XCQ3YT7B&amp;url=%2Fdp%2FB00R4996YQ%3Fpsc%3D1%26smid%3DA19GXCM6XB2JP7%23customerReviews&amp;qualifier=508063&amp;id=7605715936574278912&amp;widgetName=sp_detail2"> <i class="a-icon a-icon-star a-star-5" title="5 von 5 Sternen"> <span class="a-icon-alt">5 von 5 Sternen </span> </i> </a> <a class="a-size-base" href="/gp/slredirect/picassoRedirect.html/ref=sp_detail2_dktp_cr?ie=UTF8&amp;adId=A08637133E0B7XCQ3YT7B&amp;url=%2Fdp%2FB00R4996YQ%3Fpsc%3D1%26smid%3DA19GXCM6XB2JP7%23customerReviews&amp;qualifier=508063&amp;id=7605715936574278912&amp;widgetName=sp_detail2">6</a> </div> <div class="a-row a-color-price"> EUR 104,40&nbsp; <span class="a-size-mini">(EUR 21,75/kg) </span> </div> </div> </div> </div> <script> P.when('A', 'call-on-visible').execute(function(A) { var offer = A.$("#05RJQ27WRTNRY1YBHKCM_sp_detail2_1_6"); if (typeof offer.callOnVisible == "function") { offer.callOnVisible(function () { var img = new Image(); img.src = "http://fls-eu.amazon.com/1/amazon-clicks/1/OP/?requestId=05RJQ27WRTNRY1YBHKCM&childRequestId=05RJQ27WRTNRY1YBHKCM&widgetName=sp_detail2&searchResultNumber=1&impressionRankOnAsin=6"; this.setAttribute("id", "05RJQ27WRTNRY1YBHKCM_sp_detail2_1_6" + "_sent"); }); } }); </script> </li> <li class="a-carousel-card" role="listitem" style="width:160px;" aria-setsize="8"> <div id="05RJQ27WRTNRY1YBHKCM_sp_detail2_1_7" data-asin="B00Y127RPO"> <div class="sp_offerVertical"> <div class="pa_feedbackForm_container_sp_detail2" style="display:none"> <div class="sp_adID"> <span id="pa_05RJQ27WRTNRY1YBHKCM_sp_detail2_1_7" class="a-declarative" data-action="a-modal" data-a-modal="{&quot;url&quot;:&quot;/gp/sponsored-products/lazyLoad/handler/sp-feedback-handler.html?pl=QVeSolaH9Hy0mHo7a3q5IaDZIb8BOLS5caKJBS0R1PiSIgQFC7dsbMpxcQNzbAKLdYA6rbnk%2BezqWkAvsrnCCC5Vqfc9FV1EAUPHor0ymKRoTk9TwOQ3%2BY9WUv4%2BrSIZgNMgnK0tbClTcBX%2Bt1AyipolfdOAsxwkaLj1MH7%2F4vCygYjfuKj2CqeJGp88LU6j1vXXn2Kf7ZEMD2D83iS%2Fkp7hz7eEaAeE04Sj1Z8%2FFLNrE4DzfSbRmKSyvzfYCJGxzfYTbLmU0BlW65nRfJ43FxXvJ9P1%2B94oAnknKSftvuZQ1MVyC2c6xiZm1h9AFmIuIMjOI7nBFywzmHYsQnSure8Q19v%2BqGg5BY%2BTX8D4kNgdhxH7mlm7pW%2FZuni2HCUnhjTJ2n129R8n2bVXaqAeAeQCZ2UvDoUCyyhDtQTG3znh4HsRFnoDKkdYhISLMUAmk%2Be1pSgQuCyDt5U578ZKY3wuT57C6G1ecB8cui0KUWiO%2F8mJbu%2BjJXFA%2FbESuR5gYxJOgPl%2BT8%2FnVG5p%2F%2FGljDRji7M37YVU%2BrFOImKu41ldsN4L2rxIc%2Btov%2BN5ew8IRBAjoX9bLdhG3wUaOuhk0JqS71Pgemj2BJplPRabJ%2BLGaBr5j3dQdA%3D%3D&quot;,&quot;name&quot;:&quot;sponsored-products-feedback-modal-sp_detail2&quot;,&quot;header&quot;:&quot;Feedback mitteilen&quot;,&quot;footer&quot;:&quot;&lt;div id='sponsored-products-feedback-footer'&gt;&lt;/div&gt;&quot;,&quot;width&quot;:&quot;350&quot;}"> <a class="a-popover-trigger a-declarative">Feedback</a> </span> </div> </div> <div class="sp_dpOffer"> <a href="/gp/slredirect/picassoRedirect.html/ref=dp_sp_detail2_6?ie=UTF8&amp;adId=A0435415SS1JKBTFALIO&amp;url=%2Fdp%2FB00Y127RPO%3Fpsc%3D1&amp;qualifier=508063&amp;id=7605715936574278912&amp;widgetName=sp_detail2" title="Aptamil mit Pronutra Folgemilch 3 Immun Optimalpaket: Aptamil mit Pronutra Folgemilch 3 + Immun Forte Intensivkapseln" target="_self"> <div class="a-carousel-photo"><img border="0" alt="" src="http://ecx.images-amazon.com/images/I/41LtQJPJHYL._AC_SR160,160_.jpg"></div> <div data-rows="4" aria-hidden="true" class="sponsored-products-truncator-truncate sponsored-products-truncator-line-clamp-4">Aptamil mit Pronutra Folgemilch 3 Immun Optimalpaket: Aptamil mit Pronutra Folgemilch 3 + Immun Forte Intensivkapseln</div> </a> <div class="a-row a-color-price"> EUR 39,80&nbsp; <span class="a-size-mini">(EUR 19,90/Stück) </span> </div> </div> </div> </div> <script> P.when('A', 'call-on-visible').execute(function(A) { var offer = A.$("#05RJQ27WRTNRY1YBHKCM_sp_detail2_1_7"); if (typeof offer.callOnVisible == "function") { offer.callOnVisible(function () { var img = new Image(); img.src = "http://fls-eu.amazon.com/1/amazon-clicks/1/OP/?requestId=05RJQ27WRTNRY1YBHKCM&childRequestId=05RJQ27WRTNRY1YBHKCM&widgetName=sp_detail2&searchResultNumber=1&impressionRankOnAsin=7"; this.setAttribute("id", "05RJQ27WRTNRY1YBHKCM_sp_detail2_1_7" + "_sent"); }); } }); </script> </li> </ol> </div> </div> <div class="a-carousel-col a-carousel-left"> <a class="a-button a-button-image a-carousel-button a-carousel-goto-prevpage" href="#" tabindex="0"> <span class="a-button-inner"> <i class="a-icon a-icon-previous"> <span class="a-icon-alt">Zurück</span> </i> </span> </a> </div> <div class="a-carousel-col a-carousel-right"> <a class="a-button a-button-image a-carousel-button a-carousel-goto-nextpage" href="#" tabindex="0"> <span class="a-button-inner"> <i class="a-icon a-icon-next"> <span class="a-icon-alt">Weiter</span> </i> </span> </a> </div> </div> </div> </div> </div> <div class="SP-Ad-Feedback"> <a href="#sp_detail2_feedbackForm" id="sp_detail2_feedbackMessage" class="dynamicSPFL">Anzeige-Feedback</a> </div> </div> <script type="text/javascript"> P.when('A', 'a-carousel-framework', 'AmazonClicks').execute(function (A, CF, AC) { CF.getCarousel(document.getElementById("sp_detail2")); AC.registerFeedbackEvents("sp_detail2_carousel", "sp_detail2_feedbackMessage", "Anzeige-Feedback", "Feedback ausblenden", "pa_feedbackForm_container_sp_detail2"); }); </script> <img src="http://fls-eu.amazon.com/1/amazon-clicks/1/OP/?requestId=05RJQ27WRTNRY1YBHKCM&amp;childRequestId=05RJQ27WRTNRY1YBHKCM&amp;widgetName=sp_detail2" width="1" height="1"/> 











 
 
 


<div id="dp-ads-middle_feature_div">

    


  


  
  








<div id="dp-ads-middle-3psl">











<style type="text/css">
#sponsoredLinksCSA {
  clear: both;
  height: 0px;
  overflow: hidden;
  width: 100%;
}
</style>

<div id="sponsoredLinksCSA">
<hr size="1" noshade="noshade" class="bucketDivider"></hr>
<div class="AUI_bucket celwidget" id="AUI_A9AdsMiddleBoxTop">
  <h2 style="display: inline;" id="AUI_A9AdsWidgetAdsTitle">Kunden, die diese Seite anzeigen, sind u.U. an diesen gesponserten Links interessiert.</h2>&nbsp; 
  <span class="AUI_SponsoredLinkSmall" id="AUI_a9whatsthis">(<a onclick="return amz_js_PopWin(this.href,'AmazonHelp','width=450,height=450,resizable=1,scrollbars=1,toolbar=1,status=1');" target="AmazonHelp" href="/gp/ads/whats-this.html">Was ist das?</a>)
  </span>
<div id="AUI_SlDiv_0">
<div id="AUI_A9AdsWidgetAdsWrapper">


<div>
  <table style="margin-top:10px;">
   <tbody>
       <tr>
        <td>
        <iframe id="sponsoredLinksCsaIframe" style="width:100%" title="SponsoredLinks" frameborder="0" marginheight="0" marginwidth="0"
            scrolling="no" allowtransparency="true" width="1" height="1" class="ap_never_hide"></iframe>
        </td>
        </tr>
   </tbody>
  </table> 





</div>

    </div>
  </div>
</div>
</div>
<div style="clear: left;"></div>

<script>

var showSLF;
var slStartTime = new Date().getTime();
var slEndTime;
var jsSlLoaded;
var cfSlLoaded;
var iframeDoc;
var readyCallGoogle;

var a9_3psl_sessionId = "280-6066651-0896728";
var a9_3psl_marketplace = "DE";
var a9_3psl_marketplaceId = "A1PA6795UKMFR9";
var a9_3psl_requestId = "05RJQ27WRTNRY1YBHKCM";
var a9_3psl_method = "Detail";

  
var a9_3psl_fVip = "https://fls-eu.amazon.com";
var a9_3psl_fApiVersion = "1";
var a9_3psl_fChannelId = "a9-sl-requests";
var a9_3psl_fChannelVersion = "2";
var a9_3psl_fAction = "OP";
var a9_3psl_fProgramGroup = "a9-sl";

var sendLoggingRequest = function (metric)
{
   var a9_3psl_fMetrics = metric;
   var a9_3psl_fUrl = [a9_3psl_fVip, a9_3psl_fApiVersion, a9_3psl_fChannelId, a9_3psl_fChannelVersion, a9_3psl_fAction, a9_3psl_fProgramGroup, "action", a9_3psl_fMetrics].join("/");
  
   new Image().src = a9_3psl_fUrl 
            + "?"
            + "marketplaceId=" + encodeURIComponent(a9_3psl_marketplaceId)
            + "&session=" + encodeURIComponent(a9_3psl_sessionId)
            + "&requestId=" + encodeURIComponent(a9_3psl_requestId)
            + "&marketplace=" + encodeURIComponent(a9_3psl_marketplace)
            + "&service=ClientSideSL"
            + "&method=" + a9_3psl_method;
}  

var pageOptions = {
	'pubId': 'amazon-de',
	'query': 'Aptamil Kindermilch 1+ ab 1 Jahr, 4er Pack (4 x 600 g)',
	'domTemplate': 'threeColumnNumbered',
	'cssFileName': 'amazon_bulleted_three_column',
	'channel': 'g-channel-47+g-channel-58',
	'adIconUrl': 'http://afs.googleusercontent.com/amazon/icon-offsite-sl-7069-t4._V171196157_.png',
	'linkTarget': '_blank',
	'hl': 'de',
	'gl': 'de',
	'adtest': 'off',
	'adPage': 1,
	'referrer': ''
}; 
var adblock1 = {
	'container': 'sponsoredLinksContent',
	'number': 4,
	'clicktrackUrl': 'http://rd-eu.a9.com/srv/redirect/?info=AHzBiy33BYZlFURndRZ0e4FFMmpbsnvskDEAR3fZCDK6Kv-VSAhnhsh4BhWNvHyTiVOAoJYCd530GUrXWwi3LShZhiDAH9c6Isht1xnzjzwOCjC0l.fd9TbYzvM.JyvjuXlwRidB3bNz2w8iNxQBMJkkXmGlbe2WniyA8a9iLHEyZ7sSnr5pSNsq31km5qtyNa0qQGyguOI7oLGMT16tfigGJE4TRr2dZbPcFKePCBlswyNDs1CumEblol6Mx3wNpaLMEee4kQAdAe6cEDtAw1XWSyWFGJNW9AytQCOwzsu7Gfd.Owfqy7ZIZXA5XkxqjgaWMW.1wV4oYE3U4fXBB084aRCRheIp7Q__&awt=1&s='
};

var handleSLSize = function(hSl) {
  if(hSl <= 0) {return;}
  document.getElementById("sponsoredLinksCSA").style.height='auto';
  document.getElementById("sponsoredLinksCSA").style.overflow='visible';
  document.getElementById("sponsoredLinksCsaIframe").height= hSl;
}

var handleLoadedSL = function(visUrls) {
  var adsLoaded = visUrls.length;
  slEndTime = new Date().getTime();
  var getTime = slEndTime - slStartTime;

  var requestId = "05RJQ27WRTNRY1YBHKCM";
  var requestTag = "wCHASOmdM2GThE8Y";
  var sessionId = "280-6066651-0896728";
  var marketplace = "DE";
  var marketplaceId = "A1PA6795UKMFR9";
  var method = "Detail";
  
  var fVip = "https://fls-eu.amazon.com";
  var fApiVersion = "1";
  var fChannelId = "a9-sl-requests";
  var fChannelVersion = "1";
  var fAction = "OP";
  var fProgramGroup = "a9-sl";
  
  var jsLoadedTime = jsSlLoaded - slStartTime;
  var csaGet = slEndTime - jsSlLoaded;
  var cfTime = cfSlLoaded - slStartTime;
  var readyCallGoogleTime = readyCallGoogle - slStartTime;
  
  var fMetrics = "time_elapsed_csa_:total@v=" + getTime
    + ",jsLoaded@v=" + jsLoadedTime
    + ",cfLoaded@v=" + cfTime
    + ",readyCallGoogle@v=" + readyCallGoogleTime
    + ",GET@v=" + csaGet + ":u=ms";
    
  var fUrl = [fVip, fApiVersion, fChannelId, fChannelVersion, fAction, fProgramGroup, "action", fMetrics].join("/");

  var visUrlsPlaceHolder = [];
  for( var i = 1; i <= visUrls.length; i++)
  {
     visUrlsPlaceHolder.push("visUrl" + i);    
  }
  
  new Image().src = fUrl 
      + "?" 
      + "marketplaceId=" + encodeURIComponent(marketplaceId)
      + "&session=" + encodeURIComponent(sessionId)
      + "&requestId=" + encodeURIComponent(requestId)
      + "&marketplace=" + encodeURIComponent(marketplace)
      + "&requestTag=" + encodeURIComponent(requestTag)
      + "&service=ClientSideSL"
      + "&adsLoaded=" + encodeURIComponent(adsLoaded)
      + "&method=" + encodeURIComponent(method)
      + "&visUrls=" + encodeURIComponent(visUrlsPlaceHolder)
      + "&logType=impression";
  
};

var slAdsArgs = {
	"adProperties": adblock1, 
	"pageOptions": pageOptions, 
	"operation": "showSLAds"
};

function initSLFrame() {

		cfSlLoaded = new Date().getTime();
		
		var two_column_format_threshold = 1180; 
		browserWidth = window.innerWidth || document.body.clientWidth;
		var isTwoColumn = 0;
		if ( browserWidth && browserWidth < two_column_format_threshold )
		{
		    pageOptions['domTemplate'] = 'twoColumnBulleted';
		    isTwoColumn = 1;
		}
		
		if ( 'false' == 'true' )
		{
		    if (isTwoColumn)
		    {
		         pageOptions['cssFileName'] = 'amazon_grey_bulleted_two_column';
		    }
		    else
		    {
		         pageOptions['cssFileName'] = 'amazon_numbered_three_column_for_non_Search';		    
		    }
		} else{
		    if (isTwoColumn)
		    {
		         pageOptions['cssFileName'] = 'amazon_bulleted_two_column';
		    }
		    else
		    {
		         pageOptions['cssFileName'] = 'amazon_numbered_three_column_for_non_Search';		    
		    }
		
		}
		
		var slIframeElem = document.getElementById("sponsoredLinksCsaIframe");
		if(slIframeElem) {
			slIframeElem.contentWindow.postMessage(JSON.stringify(slAdsArgs), "https://d14qd3he45186l.cloudfront.net");
		}
}


var emitSLFeedbackForm = function(visUrls) {};

var processSLIframeMessage = function(event) {
 try{
	if(event.origin != 'https://d14qd3he45186l.cloudfront.net') {
		return;
	}
	var slMessage = JSON.parse(event.data);
	if(slMessage.operation == 'adsReturned') {
		handleLoadedSL(slMessage.visUrls);
		emitSLFeedbackForm(slMessage.visUrls);
	} else if(slMessage.operation == 'jsLoaded') {
		jsSlLoaded = new Date().getTime();
		readyCallGoogle = slMessage.readyCallGoogle;
	} else if(slMessage.operation == 'resize') {
		handleSLSize(slMessage.height);
	} else if(slMessage.operation == 'initializeFrame') {
		initSLFrame();
	}
  }
  catch(e)
  {
  }
}

if(typeof registeredSLEventListener == 'undefined') {
	var registeredSLEventListener = 1;
	if(window.addEventListener) {
		window.addEventListener("message", processSLIframeMessage, false);
	} else {
		window.attachEvent("onmessage", processSLIframeMessage);
	}
}

var sponsoredlinks_isPlacementChose = 0;

P.when('jQuery','cf').execute(function($) {

   	  if (sponsoredlinks_isPlacementChose)
   	  {
   	  	  return;
   	  }
   	  
   	  var topElem = document.getElementById("dp-out-of-stock-3psl");
   	  var bottomElem = document.getElementById("dp-ads-middle-3psl");
   	  
   	  
   	  if ( !bottomElem || !topElem )
   	  {
   	     return;
   	  }
 
   	  
   	  var topYPosition = $('#dp-out-of-stock-3psl').offset().top;
   	  var screenY = $(window).height();;
   	  
   	  
   	  if ( topYPosition <= screenY )
   	  {
   	      $('#dp-out-of-stock-3psl').empty();
   	      
     	  sendLoggingRequest("js_csa_:change_placement@v=1");
   	  }else{
   	  	  $('#dp-ads-middle-3psl').empty();
   	  }

      sendLoggingRequest("js_csa_:high_placement_request@v=1");   	     	  
      sponsoredlinks_isPlacementChose = 1;      
      
   	  var slIframeElem = document.getElementById("sponsoredLinksCsaIframe");
	
	  if(slIframeElem) {
    	  slIframeElem.src="https://d14qd3he45186l.cloudfront.net/ads-search32.html";
	  }
});

 
</script>

</div>

</div>


<div id="accessories-and-compatible-products_feature_div">


<div id="accessories-and-compatible-products_feature_div">





</div>
</div>


<div id="conditional-probability_feature_div">






    
    
    
    
    

    
    
    
    


<hr class="a-divider-normal sims-vtp-heading">
        <div id="view_to_purchase-sims-feature" class="a-section bucket">
            
        <h2 class="a-size-large a-spacing-base">Welche anderen Artikel kaufen Kunden, nachdem sie diesen Artikel angesehen haben?</h2>
        <div data-p13n-feature-metadata="{&quot;baseAsin&quot;:&quot;B00BSNACII&quot;}" data-p13n-feature-name="pd_cp_325" data-p13n-global="{&quot;auiDeviceType&quot;:&quot;desktop&quot;,&quot;marketplaceId&quot;:&quot;A1PA6795UKMFR9&quot;,&quot;requestId&quot;:&quot;05RJQ27WRTNRY1YBHKCM&quot;,&quot;marketplace&quot;:&quot;DE&quot;,&quot;session&quot;:&quot;280-6066651-0896728&quot;}" class="a-section a-spacing-micro vtp-container">
            
            
        <div class="a-section p13n-sc-list-cells-container">
            <ul class="a-nostyle a-vertical p13n-sc-list-cells">
                <li data-fling-container="true" class="a-spacing-medium p13n-sc-list-item"><span class="a-list-item">
        <div data-p13n-asin-metadata="{&quot;ref&quot;:&quot;pd_cp_325_1&quot;,&quot;asin&quot;:&quot;B00BSNAC9C&quot;}" class="a-fixed-left-grid p13n-asin"><div class="a-fixed-left-grid-inner" style="padding-left:82px">
            <div class="a-fixed-left-grid-col a-col-left" style="width:82px;margin-left:-82px;_margin-left:-41px;float:left;"><a class="a-link-normal" href="/Aptamil-Kindermilch-Jahren-4er-Pack/dp/B00BSNAC9C/ref=pd_cp_325_1/280-6066651-0896728?ie=UTF8&refRID=05RJQ27WRTNRY1YBHKCM">
                <img alt="Aptamil Kindermilch 2+ ab 2 Jahren, 4er Pack (4 x 600 g)" src="http://ecx.images-amazon.com/images/I/51-0dVWuw4L._AC_UL70_SR70,70_.jpg" class="a-dynamic-image" height="70" width="70" data-a-dynamic-image="{&quot;http://ecx.images-amazon.com/images/I/51-0dVWuw4L._AC_UL140_SR140,140_.jpg&quot;:[140,140],&quot;http://ecx.images-amazon.com/images/I/51-0dVWuw4L._AC_UL210_SR210,210_.jpg&quot;:[210,210],&quot;http://ecx.images-amazon.com/images/I/51-0dVWuw4L._AC_UL70_SR70,70_.jpg&quot;:[70,70]}">
            </a></div>
            <div class="a-fixed-left-grid-col a-col-right" style="padding-left:0%;*width:99.6%;float:left;">
                
        <div class="a-row">
            <a class="a-link-normal" href="/Aptamil-Kindermilch-Jahren-4er-Pack/dp/B00BSNAC9C/ref=pd_cp_325_1/280-6066651-0896728?ie=UTF8&refRID=05RJQ27WRTNRY1YBHKCM">Aptamil Kindermilch 2+ ab 2 Jahren, 4er Pack (4 x 600 g)</a>
            
            
        </div>
        
        
        <div class="a-icon-row a-spacing-none">
            <a class="a-link-normal" title="4.9 von 5 Sternen" href="/product-reviews/B00BSNAC9C/ref=pd_cp_325_cr_1/280-6066651-0896728?ie=UTF8&refRID=05RJQ27WRTNRY1YBHKCM">
                <i class="a-icon a-icon-star a-star-5"><span class="a-icon-alt">4,9 von 5 Sternen</span></i>
            </a>
            <a class="a-size-small a-link-normal" href="/product-reviews/B00BSNAC9C/ref=pd_cp_325_cr_1/280-6066651-0896728?ie=UTF8&refRID=05RJQ27WRTNRY1YBHKCM">19</a>
        </div>
    
        <div class="a-row"><span class="a-size-base a-color-price">EUR 39,80</span> <span class="a-size-mini a-color-secondary">(EUR 16,58 /  kg)</span> <span style="position: relative; top: 2px;"><i class="a-icon a-icon-prime a-icon-small" aria-label="Prime"><span class="a-icon-alt">Prime</span></i></span></div>
    
            </div>
        </div></div>
    </span></li><li data-fling-container="true" class="a-spacing-medium p13n-sc-list-item"><span class="a-list-item">
        <div data-p13n-asin-metadata="{&quot;ref&quot;:&quot;pd_cp_325_2&quot;,&quot;asin&quot;:&quot;B004X0XAFK&quot;}" class="a-fixed-left-grid p13n-asin"><div class="a-fixed-left-grid-inner" style="padding-left:82px">
            <div class="a-fixed-left-grid-col a-col-left" style="width:82px;margin-left:-82px;_margin-left:-41px;float:left;"><a class="a-link-normal" href="/HiPP-Kindermilch-Combiotik-Jahr-Pack/dp/B004X0XAFK/ref=pd_cp_325_2/280-6066651-0896728?ie=UTF8&refRID=05RJQ27WRTNRY1YBHKCM">
                <img alt="HiPP Kindermilch Combiotik ab 1 Jahr, 4er Pack (4 x 600 g)" src="http://ecx.images-amazon.com/images/I/51fvb8WSpEL._AC_UL70_SR70,70_.jpg" class="a-dynamic-image" height="70" width="70" data-a-dynamic-image="{&quot;http://ecx.images-amazon.com/images/I/51fvb8WSpEL._AC_UL140_SR140,140_.jpg&quot;:[140,140],&quot;http://ecx.images-amazon.com/images/I/51fvb8WSpEL._AC_UL70_SR70,70_.jpg&quot;:[70,70],&quot;http://ecx.images-amazon.com/images/I/51fvb8WSpEL._AC_UL210_SR210,210_.jpg&quot;:[210,210]}">
            </a></div>
            <div class="a-fixed-left-grid-col a-col-right" style="padding-left:0%;*width:99.6%;float:left;">
                
        <div class="a-row">
            <a class="a-link-normal" href="/HiPP-Kindermilch-Combiotik-Jahr-Pack/dp/B004X0XAFK/ref=pd_cp_325_2/280-6066651-0896728?ie=UTF8&refRID=05RJQ27WRTNRY1YBHKCM">HiPP Kindermilch Combiotik ab 1 Jahr, 4er Pack (4 x 600 g)</a>
            
            
        </div>
        
        
        <div class="a-icon-row a-spacing-none">
            <a class="a-link-normal" title="3.8 von 5 Sternen" href="/product-reviews/B004X0XAFK/ref=pd_cp_325_cr_2/280-6066651-0896728?ie=UTF8&refRID=05RJQ27WRTNRY1YBHKCM">
                <i class="a-icon a-icon-star a-star-4"><span class="a-icon-alt">3,8 von 5 Sternen</span></i>
            </a>
            <a class="a-size-small a-link-normal" href="/product-reviews/B004X0XAFK/ref=pd_cp_325_cr_2/280-6066651-0896728?ie=UTF8&refRID=05RJQ27WRTNRY1YBHKCM">6</a>
        </div>
    
        
    
            </div>
        </div></div>
    </span></li><li data-fling-container="true" class="a-spacing-medium p13n-sc-list-item"><span class="a-list-item">
        <div data-p13n-asin-metadata="{&quot;ref&quot;:&quot;pd_cp_325_3&quot;,&quot;asin&quot;:&quot;B007X2CL6E&quot;}" class="a-fixed-left-grid p13n-asin"><div class="a-fixed-left-grid-inner" style="padding-left:82px">
            <div class="a-fixed-left-grid-col a-col-left" style="width:82px;margin-left:-82px;_margin-left:-41px;float:left;"><a class="a-link-normal" href="/Hipp-Bio-Kindermilch-Jahr-Pack/dp/B007X2CL6E/ref=pd_cp_325_3/280-6066651-0896728?ie=UTF8&refRID=05RJQ27WRTNRY1YBHKCM">
                <img alt="Hipp Bio Kindermilch ab 1 Jahr, 4er Pack (4 x 800 g) - Bio" src="http://ecx.images-amazon.com/images/I/51%2Be-UWDYJL._AC_UL70_SR70,70_.jpg" class="a-dynamic-image" height="70" width="70" data-a-dynamic-image="{&quot;http://ecx.images-amazon.com/images/I/51%2Be-UWDYJL._AC_UL210_SR210,210_.jpg&quot;:[210,210],&quot;http://ecx.images-amazon.com/images/I/51%2Be-UWDYJL._AC_UL140_SR140,140_.jpg&quot;:[140,140],&quot;http://ecx.images-amazon.com/images/I/51%2Be-UWDYJL._AC_UL70_SR70,70_.jpg&quot;:[70,70]}">
            </a></div>
            <div class="a-fixed-left-grid-col a-col-right" style="padding-left:0%;*width:99.6%;float:left;">
                
        <div class="a-row">
            <a class="a-link-normal" href="/Hipp-Bio-Kindermilch-Jahr-Pack/dp/B007X2CL6E/ref=pd_cp_325_3/280-6066651-0896728?ie=UTF8&refRID=05RJQ27WRTNRY1YBHKCM">Hipp Bio Kindermilch ab 1 Jahr, 4er Pack (4 x 800 g) - Bio</a>
            
            
        </div>
        
        
        <div class="a-icon-row a-spacing-none">
            <a class="a-link-normal" title="4.5 von 5 Sternen" href="/product-reviews/B007X2CL6E/ref=pd_cp_325_cr_3/280-6066651-0896728?ie=UTF8&refRID=05RJQ27WRTNRY1YBHKCM">
                <i class="a-icon a-icon-star a-star-4-5"><span class="a-icon-alt">4,6 von 5 Sternen</span></i>
            </a>
            <a class="a-size-small a-link-normal" href="/product-reviews/B007X2CL6E/ref=pd_cp_325_cr_3/280-6066651-0896728?ie=UTF8&refRID=05RJQ27WRTNRY1YBHKCM">22</a>
        </div>
    
        <div class="a-row"><span class="a-size-base a-color-price">EUR 37,80</span> <span class="a-size-mini a-color-secondary">(EUR 11,81 /  kg)</span> <span style="position: relative; top: 2px;"><i class="a-icon a-icon-prime a-icon-small" aria-label="Prime"><span class="a-icon-alt">Prime</span></i></span></div>
    
            </div>
        </div></div>
    </span></li><li data-fling-container="true" class="a-spacing-medium p13n-sc-list-item"><span class="a-list-item">
        <div data-p13n-asin-metadata="{&quot;ref&quot;:&quot;pd_cp_325_4&quot;,&quot;asin&quot;:&quot;B004X0XALE&quot;}" class="a-fixed-left-grid p13n-asin"><div class="a-fixed-left-grid-inner" style="padding-left:82px">
            <div class="a-fixed-left-grid-col a-col-left" style="width:82px;margin-left:-82px;_margin-left:-41px;float:left;"><a class="a-link-normal" href="/HiPP-Kindermilch-Combiotik-Jahre-Pack/dp/B004X0XALE/ref=pd_cp_325_4/280-6066651-0896728?ie=UTF8&refRID=05RJQ27WRTNRY1YBHKCM">
                <img alt="HiPP Kindermilch Combiotik ab 2 Jahre (4er Pack, 4 x 600 g)" src="http://ecx.images-amazon.com/images/I/51vcR7%2BjnCL._AC_UL70_SR70,70_.jpg" class="a-dynamic-image" height="70" width="70" data-a-dynamic-image="{&quot;http://ecx.images-amazon.com/images/I/51vcR7%2BjnCL._AC_UL140_SR140,140_.jpg&quot;:[140,140],&quot;http://ecx.images-amazon.com/images/I/51vcR7%2BjnCL._AC_UL210_SR210,210_.jpg&quot;:[210,210],&quot;http://ecx.images-amazon.com/images/I/51vcR7%2BjnCL._AC_UL70_SR70,70_.jpg&quot;:[70,70]}">
            </a></div>
            <div class="a-fixed-left-grid-col a-col-right" style="padding-left:0%;*width:99.6%;float:left;">
                
        <div class="a-row">
            <a class="a-link-normal" href="/HiPP-Kindermilch-Combiotik-Jahre-Pack/dp/B004X0XALE/ref=pd_cp_325_4/280-6066651-0896728?ie=UTF8&refRID=05RJQ27WRTNRY1YBHKCM">HiPP Kindermilch Combiotik ab 2 Jahre (4er Pack, 4 x 600 g)</a>
            
            
        </div>
        
        
        <div class="a-icon-row a-spacing-none">
            <a class="a-link-normal" title="5.0 von 5 Sternen" href="/product-reviews/B004X0XALE/ref=pd_cp_325_cr_4/280-6066651-0896728?ie=UTF8&refRID=05RJQ27WRTNRY1YBHKCM">
                <i class="a-icon a-icon-star a-star-5"><span class="a-icon-alt">5,0 von 5 Sternen</span></i>
            </a>
            <a class="a-size-small a-link-normal" href="/product-reviews/B004X0XALE/ref=pd_cp_325_cr_4/280-6066651-0896728?ie=UTF8&refRID=05RJQ27WRTNRY1YBHKCM">5</a>
        </div>
    
        <div class="a-row"><span class="a-size-base a-color-price">EUR 49,03</span> <span class="a-size-mini a-color-secondary">(EUR 20,43 /  kg)</span> </div>
    
            </div>
        </div></div>
    </span></li>
            </ul>
        </div>
    
        </div>
    
        </div>
        
        
    <div class="vtp-footer"></div>










</div>


<div id="like-delayed-render_feature_div">


 
 
 
 
</div>



<table border="0" cellpadding="0" cellspacing="0"  align="right">

<tr><td valign="top" width="100%"></td></tr></table>


<div id="dp-ads-center-promo_feature_div">
</div>


<div id="ask-btf_feature_div">





















<link rel="stylesheet" href="http://z-ecx.images-amazon.com/images/G/01/AUIClients/AskAuiAssets-4e388e8bc83c37c5bd4b69d11fbedb75674198f7._V2_.css#AUIClients/AskAuiAssets.weblab-ASK_MOBILE_POST_ANSWER_56379-T1.min" />
<script>
  (window.AmazonUIPageJS ? AmazonUIPageJS : P).load.js('http://z-ecx.images-amazon.com/images/G/01/AUIClients/AskAuiAssets-5537404744e171d554cf94f90fe05153e66d0cc1._V2_.js#AUIClients/AskAuiAssets.weblab-ASK_MOBILE_POST_ANSWER_56379-T1.min');
</script>
<script>
  window.P && P.when('jQuery', 'ready').execute(function($) {
    var btf = $('#ask-btf_feature_div');
    if ($('html').is('.a-lt-ie10')) {
      var assetsLink = btf.find('link').attr('href');
      document.styleSheets[document.styleSheets.length - 1].addImport(assetsLink);
    } else {
      btf.find('script, link').appendTo('head');
    }

    var atf = $('.askATFLink');
    atf.attr("href", "#Ask");
  });
</script>

<div id="cf-ask-cel" class="celwidget">
  <a name="Ask"></a>
















<div id="ask_lazy_load_div">
    <hr class="bucketDivider" size="1" noshade="noshade">
    <div class="cdQuestionAnswerBucket" style='height: 120px;'>
        <div class="cdQuestionAnswerHeader">
            Kunden Fragen und Antworten
        </div>
        <div class="cdQuestionLazySeeAll">
            <a href="http://www.amazon.de/Aptamil-Kindermilch-Jahr-4er-Pack/forum/-/-/1/ref=cm_cd_dp_lla_ql_ll/280-6066651-0896728?_encoding=UTF8&amp;asin=B00BSNACII">Fragen und Antworten anzeigen</a>
        </div>
        <div class="loading_ind" style="display:none" width="100%">
            <img src="http://g-ecx.images-amazon.com/images/G/03/ui/loadIndicators/loadIndicator-large._CB192546224_.gif" style="padding:8px 0px 0px 100px" />
        </div>
    </div>
    <script>
    (function(P){
        P.when("jQuery").execute(function($){
           "use strict";
            $('.cdQuestionAnswerBucket').height(432);
        });
    })(window.AmazonUIPageJS || window.P);
    </script>
</div>



    




<script>
  (window.AmazonUIPageJS ? AmazonUIPageJS : P).load.js('http://z-ecx.images-amazon.com/images/G/01/AUIClients/DetailPageLazyLoadLibAssets-5e248ff38f5cfe623b72e1b4d40468dcd5bd6540._V2_.js#AUIClients/DetailPageLazyLoadLibAssets.min');
</script>


<script type="text/JavaScript">

     P.when("jQuery", "lazyLoadLib","ready").execute(function ($) {
            $('#ask_lazy_load_div').lazyLoadContent({
             threshold : 800,
             url: "/gp/ask-widget/askWidget.html?asin=B00BSNACII&askError=&askMessage=&wdg=grocery_display_on_website&requestID=05RJQ27WRTNRY1YBHKCM",
             metrics : true,
             name : 'ask_btf',
             cache : false
             }); 
     });
</script>
</div>





</div>


<div id="customer-reviews_feature_div">















    
    
    

    
    
    






































































































































































































  
  











<div id="revDivider" class="a-divider a-divider-section"><div class="a-divider-inner"></div></div>
<a id="customerReviews" class="a-link-normal" href="#">
</a>

<div id="cm_cr_dpwidget" class="a-section a-spacing-extra-large celwidget">
  <div class="a-row">
    <div id="revMHLContainer" class="a-column a-span8">
    <h2 class="a-spacing-small">Kundenrezensionen</h2> 
      <div id="revMHLContainerChild" class="a-section a-padding-small">
        <div id="summaryContainer" class="a-row a-spacing-medium">
            <div id="revSum" class="a-section">
              






<div class="a-row a-spacing-small">
  








<div id="summaryStars" class="a-row">  
  <a class="a-link-normal a-text-normal product-reviews-link" title="4.5 von 5 Sternen" href="http://www.amazon.de/product-reviews/B00BSNACII/ref=cm_cr_dp_see_all_top/280-6066651-0896728?ie=UTF8&showViewpoints=1&sortBy=helpful">
    <i class="a-icon a-icon-star-medium a-star-medium-4-5"><span class="a-icon-alt">4.5 von 5 Sternen</span></i>
    31
  </a>  
</div>
<div id="avgRating" class="a-row a-spacing-small a-color-secondary"> 
  <span>
    4.5 von 5 Sternen
    </span>
</div>











</div>

<div class="a-fixed-left-grid"><div class="a-fixed-left-grid-inner" style="padding-left:185px">

  <div class="a-fixed-left-grid-col a-col-left" style="width:185px;margin-left:-185px;_margin-left:-92.5px;float:left;">
    








































<table id="histogramTable" class="a-normal a-align-middle a-spacing-base">
  <tr class="a-histogram-row">
    <td class="a-nowrap">
      <a class="a-link-normal" title="81% der Rezensionen haben 5 Sterne" href="http://www.amazon.de/product-reviews/B00BSNACII/ref=cm_cr_dp_hist_five/280-6066651-0896728?ie=UTF8&filterByStar=five_star&showViewpoints=0">5 Sterne</a><span class="a-letter-space"></span>      
    </td>
    <td class="a-span10">
      <a class="a-link-normal" title="81% der Rezensionen haben 5 Sterne" href="http://www.amazon.de/product-reviews/B00BSNACII/ref=cm_cr_dp_hist_five/280-6066651-0896728?ie=UTF8&filterByStar=five_star&showViewpoints=0"><div class="a-meter" aria-label="81%"><div class="a-meter-bar" style="width: 81%;"></div></div></a>
    </td>
    <td class="a-nowrap">
      <span class="a-letter-space"></span><a class="a-link-normal" title="81% der Rezensionen haben 5 Sterne" href="http://www.amazon.de/product-reviews/B00BSNACII/ref=cm_cr_dp_hist_five/280-6066651-0896728?ie=UTF8&filterByStar=five_star&showViewpoints=0">25</a>
    </td>
  </tr>
  <tr class="a-histogram-row">
    <td class="a-nowrap">
      <a class="a-link-normal" title="3% der Rezensionen haben 4 Sterne" href="http://www.amazon.de/product-reviews/B00BSNACII/ref=cm_cr_dp_hist_four/280-6066651-0896728?ie=UTF8&filterByStar=four_star&showViewpoints=0">4 Sterne</a><span class="a-letter-space"></span>      
    </td>
    <td class="a-span10">
      <a class="a-link-normal" title="3% der Rezensionen haben 4 Sterne" href="http://www.amazon.de/product-reviews/B00BSNACII/ref=cm_cr_dp_hist_four/280-6066651-0896728?ie=UTF8&filterByStar=four_star&showViewpoints=0"><div class="a-meter" aria-label="3%"><div class="a-meter-bar" style="width: 3%;"></div></div></a>
    </td>
    <td class="a-nowrap">
      <span class="a-letter-space"></span><a class="a-link-normal" title="3% der Rezensionen haben 4 Sterne" href="http://www.amazon.de/product-reviews/B00BSNACII/ref=cm_cr_dp_hist_four/280-6066651-0896728?ie=UTF8&filterByStar=four_star&showViewpoints=0">1</a>
    </td>
  </tr>
  <tr class="a-histogram-row">
    <td class="a-nowrap">
      <a class="a-link-normal" title="6% der Rezensionen haben 3 Sterne" href="http://www.amazon.de/product-reviews/B00BSNACII/ref=cm_cr_dp_hist_three/280-6066651-0896728?ie=UTF8&filterByStar=three_star&showViewpoints=0">3 Sterne</a><span class="a-letter-space"></span>      
    </td>
    <td class="a-span10">
      <a class="a-link-normal" title="6% der Rezensionen haben 3 Sterne" href="http://www.amazon.de/product-reviews/B00BSNACII/ref=cm_cr_dp_hist_three/280-6066651-0896728?ie=UTF8&filterByStar=three_star&showViewpoints=0"><div class="a-meter" aria-label="6%"><div class="a-meter-bar" style="width: 6%;"></div></div></a>
    </td>
    <td class="a-nowrap">
      <span class="a-letter-space"></span><a class="a-link-normal" title="6% der Rezensionen haben 3 Sterne" href="http://www.amazon.de/product-reviews/B00BSNACII/ref=cm_cr_dp_hist_three/280-6066651-0896728?ie=UTF8&filterByStar=three_star&showViewpoints=0">2</a>
    </td>
  </tr>
  <tr class="a-histogram-row">
    <td class="a-nowrap">
      2 Sterne<span class="a-letter-space"></span>
    </td>
    <td class="a-span10">
      <div class="a-meter" aria-label="0%"><div class="a-meter-bar" style="width: 0%;"></div></div>      
    </td>
    <td class="a-nowrap">
      <span class="a-letter-space"></span><span>0</span>
    </td>
  </tr>
  <tr class="a-histogram-row">
    <td class="a-nowrap">
      <a class="a-link-normal" title="10% der Rezensionen haben 1 Sterne" href="http://www.amazon.de/product-reviews/B00BSNACII/ref=cm_cr_dp_hist_one/280-6066651-0896728?ie=UTF8&filterByStar=one_star&showViewpoints=0">1 Stern<span style="color:#FFFFFF">e</span></a><span class="a-letter-space"></span>      
    </td>
    <td class="a-span10">
      <a class="a-link-normal" title="10% der Rezensionen haben 1 Sterne" href="http://www.amazon.de/product-reviews/B00BSNACII/ref=cm_cr_dp_hist_one/280-6066651-0896728?ie=UTF8&filterByStar=one_star&showViewpoints=0"><div class="a-meter" aria-label="10%"><div class="a-meter-bar" style="width: 10%;"></div></div></a>
    </td>
    <td class="a-nowrap">
      <span class="a-letter-space"></span><a class="a-link-normal" title="10% der Rezensionen haben 1 Sterne" href="http://www.amazon.de/product-reviews/B00BSNACII/ref=cm_cr_dp_hist_one/280-6066651-0896728?ie=UTF8&filterByStar=one_star&showViewpoints=0">3</a>
    </td>
  </tr>
</table>

               








          
    
    <a class="a-link-emphasis a-nowrap" href="http://www.amazon.de/product-reviews/B00BSNACII/ref=cm_cr_dp_see_all_summary/280-6066651-0896728?ie=UTF8&showViewpoints=1&sortBy=helpful">Alle 31 Kundenrezensionen anzeigen</a>
    
    
  </div>
    
  <div class="a-fixed-left-grid-col a-col-right" style="padding-left:6%;*width:93.6%;float:left;">                           

    <div class="a-row a-spacing-medium">
      <span id="shareYourThoughts">
        Sagen Sie Ihre Meinung zu diesem Artikel
      </span>
    </div>
    <div class="a-row a-spacing-medium">
      <span id="summaryWriteReviewButton" class="a-button a-button-supplemental a-button-width-normal"><span class="a-button-inner"><i class="a-icon a-icon-supplemental"></i><a id="summaryWriteReviewButton-announce" href="http://www.amazon.de/review/create-review/ref=cm_cr_dp_wrt_top/280-6066651-0896728?ie=UTF8&asin=B00BSNACII&channel=detail-glance&nodeID=340846031&store=grocery" title="Kundenrezension verfassen" class="a-button-text" role="button">
        Kundenrezension verfassen
      </a></span></span>
    </div>
  </div>
  
</div></div>

            </div>
        </div>
        <div class="a-row">
          <div id="revMH" class="a-column a-span11">
            





<h3 class="a-spacing-small">Top-Kundenrezensionen</h3>
<div id="revMHRL" class="a-section"> 






















<div id="rev-dpReviewsMostHelpfulAUI-R3JVD99OYZ10L0" class="a-section celwidget"><div class="a-row a-spacing-micro"><div class="a-icon-row a-spacing-none"><a class="a-link-normal a-text-normal a-color-base" title="5.0 von 5 Sternen" href="http://www.amazon.de/review/R3JVD99OYZ10L0/ref=cm_cr_dp_title/280-6066651-0896728?ie=UTF8&ASIN=B00BSNACII&channel=detail-glance&nodeID=340846031&store=grocery"><i class="a-icon a-icon-star a-star-5"><span class="a-icon-alt">5.0 von 5 Sternen</span></i></a><span class="a-letter-space"></span><a class="a-link-normal a-text-normal a-color-base" href="http://www.amazon.de/review/R3JVD99OYZ10L0/ref=cm_cr_dp_title/280-6066651-0896728?ie=UTF8&ASIN=B00BSNACII&channel=detail-glance&nodeID=340846031&store=grocery"><span class="a-size-base a-text-bold">Chinesische Mafia?</span></a></div><span class="a-color-secondary">
    







  <span class="a-size-normal">
    <span class="a-color-secondary">
      Von
    </span>
    <a href="/gp/pdp/profile/A16278G0JB1QGC/ref=cm_cr_dp_pdp/280-6066651-0896728" class="noTextDecoration">Carlos Fernandez</a>
  </span>
<span class="a-color-secondary"> am 23. Februar 2015</span></span></div><div id="revData-dpReviewsMostHelpfulAUI-R3JVD99OYZ10L0" class="a-row a-spacing-small"><span class="a-size-mini a-color-secondary">Größe: 4 x 600g</span>





  <script type="text/javascript">
    

P.when("A").execute(function(A) {
    var jQuery         = A.$;
    function showFullReview(event) {
        event.$event.preventDefault();
        event.$target.hide();
    
        var parent = event.$target.parent().parent();
        var fullText = parent.find(".MHRHead").html() +  event.data.rest;
        var pxInitialSize = parent.height();
          
        parent.html(fullText);
        var pxTargetSize = parent.height();
        parent.height(pxInitialSize);
        parent.animate({height: pxTargetSize + 'px'}, 400, function(){parent.css("height", "auto")});
    }
    
    A.declarative("columnbalancing-showfullreview", ["click"], showFullReview);
});

  </script>

<div class="a-section">
  A. Das Produkt ist gut. Ich und meine (Oh Gott) chinesische Frau kaufen die Milch auch f&uuml;r unseren Sohn.<br>B. Wenn Sie Chinesen sehen die Babymilch kaufen, die die Milch nicht f&uuml;r sich selbst kaufen, dann steckt da nicht die chinesische Mafia dahinter, sondern meist eine Anfrage von Freunden oder Familie und die Sachen werden in 90 Prozent der F&auml;lle tats&auml;chlich zum Selbstkostenpreis nach China geschickt (wie gesagt, Freunde und Verwandte). Warum? Weil es vor ein paar Jahren in China einen Milchpulverskandal gab und seit dem das Vertrauen in die heimischen Produkte futsch ist. Um den heimischen Markt zu sch&uuml;tzen hat die chinesische Regierung hohe Z&ouml;lle auf Babynahrung gelegt. Da das Vertrauen immer noch nicht da ist, versuchen die, die es sich leisten k&ouml;nnen, sich Milchpulver aus Europa schicken zu lassen, da sie den hiesigen Marken vertrauen. In der Regel also keine Mafia, sondern nur besorgte Eltern, die das beste f&uuml;r ihr Kind wollen.<br>Ich hoffe es st&ouml;&szlig;t sich keiner an meiner Grammatik.<br>Lie&szlig;e Gr&uuml;sse<br>D.
</div>

</div>









<a class="a-link-normal comment-link commentStripe" title="0" href="http://www.amazon.de/review/R3JVD99OYZ10L0/ref=cm_cr_dp_cmt/280-6066651-0896728?ie=UTF8&ASIN=B00BSNACII&channel=detail-glance&nodeID=340846031&store=grocery#wasThisHelpful">Kommentar</a>
<i class="a-icon a-icon-text-separator commentStripe"></i>











<a id="R3JVD99OYZ10L0.2115.Helpful.Reviews"></a>
<span id="cr-vote-R3JVD99OYZ10L0" class="votingStripe">
      <span class="a-size-base a-color-secondary cr-vote-buttons">
    20 Personen fanden diese Informationen hilfreich. War diese Rezension für Sie hilfreich?
    <span class="a-letter-space"></span>
    <span class="a-declarative" data-action="cr-vote" data-cr-vote="{&quot;rootComponentId&quot;:&quot;#cr-vote-R3JVD99OYZ10L0&quot;,&quot;reviewId&quot;:&quot;R3JVD99OYZ10L0&quot;}" style="display: inline">
      <span class="a-button a-button-beside-text a-button-small yesButton votingButtonReviews"><span class="a-button-inner"><a href="http://www.amazon.de/gp/voting/cast/Reviews/2115/R3JVD99OYZ10L0/Helpful/1/ref=cm_cr_dp_voteyn_yes/280-6066651-0896728?ie=UTF8&target=aHR0cDovL3d3dy5hbWF6b24uZGUvZ3AvcHJvZHVjdC9CMDBCU05BQ0lJL3JlZj1jbV9jcl9kcHZvdGVyZHIvMjgwLTYwNjY2NTEtMDg5NjcyOD9pZT1VVEY4Jm09QTNKV0tBS1I4WEI3WEY&token=DEC9301DA312E709C218CB50A704E2A80575B840&voteAnchorName=R3JVD99OYZ10L0.2115.Helpful.Reviews&voteSessionID=280-6066651-0896728" title="Ja" class="a-button-text a-text-center" role="button">Ja </a></span></span><span class="a-button a-button-beside-text a-button-small noButton votingButtonReviews"><span class="a-button-inner"><a href="http://www.amazon.de/gp/voting/cast/Reviews/2115/R3JVD99OYZ10L0/Helpful/-1/ref=cm_cr_dp_voteyn_no/280-6066651-0896728?ie=UTF8&target=aHR0cDovL3d3dy5hbWF6b24uZGUvZ3AvcHJvZHVjdC9CMDBCU05BQ0lJL3JlZj1jbV9jcl9kcHZvdGVyZHIvMjgwLTYwNjY2NTEtMDg5NjcyOD9pZT1VVEY4Jm09QTNKV0tBS1I4WEI3WEY&token=25426122CE00092F32D5A6A183B7D041FACB4EDB&voteAnchorName=R3JVD99OYZ10L0.2115.Helpful.Reviews&voteSessionID=280-6066651-0896728" title="Nein" class="a-button-text a-text-center" role="button">Nein</a></span></span>
    </span>
  </span>
  <span class="a-hidden cr-vote-feedback">
    Feedback senden...
  </span>
  <div class="a-box a-alert-inline a-alert-inline-success a-hidden cr-vote-success"><div class="a-box-inner a-alert-container"><i class="a-icon a-icon-alert"></i><div class="a-alert-content">
	Vielen Dank für Ihr Feedback.
  </div></div></div>
  <div class="a-box a-alert-inline a-alert-inline-error a-hidden cr-vote-error"><div class="a-box-inner a-alert-container"><i class="a-icon a-icon-alert"></i><div class="a-alert-content">
    Wir konnten Ihre Stimmabgabe leider nicht speichern. Bitte erneut versuchen
  </div></div></div>
  <span class="a-letter-space"></span>
  <span class="a-color-base cr-vote-inapp">
    <a href="http://www.amazon.de/gp/voting/cast/Reviews/2115/R3JVD99OYZ10L0/Inappropriate/1/ref=cm_cr_dp_abuse_voteyn/280-6066651-0896728?ie=UTF8&target=aHR0cDovL3d3dy5hbWF6b24uZGUvZ3AvcHJvZHVjdC9CMDBCU05BQ0lJL3JlZj1jbV9jcl9kcF9hYnVzZV92b3RlcmRyLzI4MC02MDY2NjUxLTA4OTY3Mjg_aWU9VVRGOCZtPUEzSldLQUtSOFhCN1hG&token=73A3984BA63D4C04635E065EF5A3AF741C3A0F54&voteAnchorName=R3JVD99OYZ10L0.2115.Inappropriate.Reviews&voteSessionID=280-6066651-0896728" >Missbrauch melden</a>
  </span>
</span>



<div id="ocStripe-dpReviewsMostHelpfulAUI-R3JVD99OYZ10L0" class="a-row a-spacing-small officialCommentStripe"><script type='text/javascript'>
    
            if (typeof window.cr_popup_registered === 'undefined') {
                window.cr_popup_registered = true;
                P.when('A').register('cr_popup', function(A) {
                    var popWin = function(url,name,options) {
                        var ContextWindow = window.open(url,name,options);
                        ContextWindow.focus();
                        return false;
                    }

                    function popup(event) {
                        var data = event.data;
                        var toolbar = data.toolbar;
                        if (typeof toolbar === 'undefined') {
                            toolbar = 0;
                        }
                        var jqEvent = event.$event;
                        var url = event.$target.closest('a').attr('href');
                        popWin(url,data.title,'width=' + data.width + ',height=' + data.height + ',resizable=1,scrollbars=1,toolbar=' + toolbar + ',status=1');
                        jqEvent.preventDefault();
                    }
                    A.declarative('cr-popup', ['click'], popup);
                });
            }
         
</script></div></div>

<div id="rev-dpReviewsMostHelpfulAUI-R3MSD0LK5S8BL7" class="a-section celwidget"><div class="a-row a-spacing-micro"><div class="a-icon-row a-spacing-none"><a class="a-link-normal a-text-normal a-color-base" title="5.0 von 5 Sternen" href="http://www.amazon.de/review/R3MSD0LK5S8BL7/ref=cm_cr_dp_title/280-6066651-0896728?ie=UTF8&ASIN=B00BSNACII&channel=detail-glance&nodeID=340846031&store=grocery"><i class="a-icon a-icon-star a-star-5"><span class="a-icon-alt">5.0 von 5 Sternen</span></i></a><span class="a-letter-space"></span><a class="a-link-normal a-text-normal a-color-base" href="http://www.amazon.de/review/R3MSD0LK5S8BL7/ref=cm_cr_dp_title/280-6066651-0896728?ie=UTF8&ASIN=B00BSNACII&channel=detail-glance&nodeID=340846031&store=grocery"><span class="a-size-base a-text-bold">aptamil</span></a></div><span class="a-color-secondary">







  <span class="a-size-normal">
    <span class="a-color-secondary">
      Von
    </span>
    <a href="/gp/pdp/profile/A3TGL1AOCAXN0/ref=cm_cr_dp_pdp/280-6066651-0896728" class="noTextDecoration">Alois Laurenz</a>
  </span>
<span class="a-color-secondary"> am 4. Mai 2016</span></span></div><div id="revData-dpReviewsMostHelpfulAUI-R3MSD0LK5S8BL7" class="a-row a-spacing-small"><span class="a-size-mini a-color-secondary">Größe: 4 x 600g</span>






<div class="a-section">
  F&uuml;r eine gesunde Zukunft Ihres Kindes<br>  Aptamil Kindermilch 1+ eignet sich f&uuml;r Kleinkinder ab 1 Jahr als Milchgetr&auml;nk zum Fr&uuml;hst&uuml;ck, Abendessen oder f&uuml;r zwischendurch<br>  Rezeptur entspricht den neuesten Empfehlungen zur Zusammensetzung<br>  mit Vitamin A, C & D - tr&auml;gt auf nat&uuml;rliche Weise zu einem gesunden Immunsystem bei<br>  mit Vitamin D und Calcium - f&uuml;r das normale Wachstum und die Entwicklung der Knochen und mit altersgerecht reduziertem Eiwei&szlig;gehalt
</div>

</div>









<a class="a-link-normal comment-link commentStripe" title="0" href="http://www.amazon.de/review/R3MSD0LK5S8BL7/ref=cm_cr_dp_cmt/280-6066651-0896728?ie=UTF8&ASIN=B00BSNACII&channel=detail-glance&nodeID=340846031&store=grocery#wasThisHelpful">Kommentar</a>
<i class="a-icon a-icon-text-separator commentStripe"></i>









<script type='text/javascript'>
  


  
P.when("A").execute(function(A) {
   
   function vote(event) {
     var root = A.$(event.data.rootComponentId);
     var target = event.$target;
     root.find(".cr-vote-buttons").addClass("a-hidden");
     root.find(".cr-vote-feedback").removeClass("a-hidden");
       
     A.get(target.attr("href") + "&type=json&_=" + (new Date()).getTime(),
     {
	   dataType: 'json',
	   ajaxTimeout: 10000,
	   success: function(data, textStatus){ 
         success(data, root, target);
       },
	   error: function(XMLHttpRequest, textStatus, errorThrown){
         error(root, target);
       }
	 });
     event.$event.preventDefault();

   }

   function isNoButton(target) {       
     return target.closest(".noButton").length > 0;
   }

   function success(data, root, target) {
       if (data.redirect == 1) {
	   window.location.href = target.attr("href");
       } else if (data.error == 1) {
	   error(root, target);
       } else {
	   root.find(".cr-vote-success").removeClass("a-hidden");	   
	   root.find(".cr-vote-feedback").addClass("a-hidden");
       }
   }

   function error(root, target) {
       root.find(".cr-vote-error").removeClass("a-hidden");	   
       root.find(".cr-vote-feedback").addClass("a-hidden");
   }

   A.declarative("cr-vote", ["click"], vote);
});


</script>

<a id="R3MSD0LK5S8BL7.2115.Helpful.Reviews"></a>
<span id="cr-vote-R3MSD0LK5S8BL7" class="votingStripe">
      <span class="cr-vote-buttons">
    War diese Rezension für Sie hilfreich?
    <span class="a-letter-space"></span>
    <span class="a-declarative" data-action="cr-vote" data-cr-vote="{&quot;rootComponentId&quot;:&quot;#cr-vote-R3MSD0LK5S8BL7&quot;,&quot;reviewId&quot;:&quot;R3MSD0LK5S8BL7&quot;}" style="display: inline">
      <span class="a-button a-button-beside-text a-button-small yesButton votingButtonReviews"><span class="a-button-inner"><a href="http://www.amazon.de/gp/voting/cast/Reviews/2115/R3MSD0LK5S8BL7/Helpful/1/ref=cm_cr_dp_voteyn_yes/280-6066651-0896728?ie=UTF8&target=aHR0cDovL3d3dy5hbWF6b24uZGUvZ3AvcHJvZHVjdC9CMDBCU05BQ0lJL3JlZj1jbV9jcl9kcHZvdGVyZHIvMjgwLTYwNjY2NTEtMDg5NjcyOD9pZT1VVEY4Jm09QTNKV0tBS1I4WEI3WEY&token=0609BDAC116067DBF9D755B33B0E710D461074B0&voteAnchorName=R3MSD0LK5S8BL7.2115.Helpful.Reviews&voteSessionID=280-6066651-0896728" title="Ja" class="a-button-text a-text-center" role="button">Ja </a></span></span><span class="a-button a-button-beside-text a-button-small noButton votingButtonReviews"><span class="a-button-inner"><a href="http://www.amazon.de/gp/voting/cast/Reviews/2115/R3MSD0LK5S8BL7/Helpful/-1/ref=cm_cr_dp_voteyn_no/280-6066651-0896728?ie=UTF8&target=aHR0cDovL3d3dy5hbWF6b24uZGUvZ3AvcHJvZHVjdC9CMDBCU05BQ0lJL3JlZj1jbV9jcl9kcHZvdGVyZHIvMjgwLTYwNjY2NTEtMDg5NjcyOD9pZT1VVEY4Jm09QTNKV0tBS1I4WEI3WEY&token=5E908C2ABF66BC57B4878A9895F6DC7F1DF8445C&voteAnchorName=R3MSD0LK5S8BL7.2115.Helpful.Reviews&voteSessionID=280-6066651-0896728" title="Nein" class="a-button-text a-text-center" role="button">Nein</a></span></span>
    </span>
  </span>
  <span class="a-hidden cr-vote-feedback">
    Feedback senden...
  </span>
  <div class="a-box a-alert-inline a-alert-inline-success a-hidden cr-vote-success"><div class="a-box-inner a-alert-container"><i class="a-icon a-icon-alert"></i><div class="a-alert-content">
	Vielen Dank für Ihr Feedback.
  </div></div></div>
  <div class="a-box a-alert-inline a-alert-inline-error a-hidden cr-vote-error"><div class="a-box-inner a-alert-container"><i class="a-icon a-icon-alert"></i><div class="a-alert-content">
    Wir konnten Ihre Stimmabgabe leider nicht speichern. Bitte erneut versuchen
  </div></div></div>
  <span class="a-letter-space"></span>
  <span class="a-color-base cr-vote-inapp">
    <a href="http://www.amazon.de/gp/voting/cast/Reviews/2115/R3MSD0LK5S8BL7/Inappropriate/1/ref=cm_cr_dp_abuse_voteyn/280-6066651-0896728?ie=UTF8&target=aHR0cDovL3d3dy5hbWF6b24uZGUvZ3AvcHJvZHVjdC9CMDBCU05BQ0lJL3JlZj1jbV9jcl9kcF9hYnVzZV92b3RlcmRyLzI4MC02MDY2NjUxLTA4OTY3Mjg_aWU9VVRGOCZtPUEzSldLQUtSOFhCN1hG&token=604C88E4E34565D32844671E30ACB533DFC8A83E&voteAnchorName=R3MSD0LK5S8BL7.2115.Inappropriate.Reviews&voteSessionID=280-6066651-0896728" >Missbrauch melden</a>
  </span>
</span>



</div>






<div id="rev-dpReviewsMostHelpfulAUI-RGA601Y4XGDFT" class="a-section celwidget"><div class="a-row a-spacing-micro"><div class="a-icon-row a-spacing-none"><a class="a-link-normal a-text-normal a-color-base" title="1.0 von 5 Sternen" href="http://www.amazon.de/review/RGA601Y4XGDFT/ref=cm_cr_dp_title/280-6066651-0896728?ie=UTF8&ASIN=B00BSNACII&channel=detail-glance&nodeID=340846031&store=grocery"><i class="a-icon a-icon-star a-star-1"><span class="a-icon-alt">1.0 von 5 Sternen</span></i></a><span class="a-letter-space"></span><a class="a-link-normal a-text-normal a-color-base" href="http://www.amazon.de/review/RGA601Y4XGDFT/ref=cm_cr_dp_title/280-6066651-0896728?ie=UTF8&ASIN=B00BSNACII&channel=detail-glance&nodeID=340846031&store=grocery"><span class="a-size-base a-text-bold">expensive and Shelf life only until March,2016</span></a></div><span class="a-color-secondary">







  <span class="a-size-normal">
    <span class="a-color-secondary">
      Von
    </span>
    <a href="/gp/pdp/profile/AJGNKJT4D7J72/ref=cm_cr_dp_pdp/280-6066651-0896728" class="noTextDecoration">Amazon Customer</a>
  </span>
<span class="a-color-secondary"> am 24. November 2015</span></span></div><div id="revData-dpReviewsMostHelpfulAUI-RGA601Y4XGDFT" class="a-row a-spacing-small"><span class="a-size-mini a-color-secondary">Größe: 12 x 600g</span>






<div class="a-section">
  It's more expensive than Amazon.de, and it's very annoying that  shelf life only until March,2016!!! Only three months,three months,12 Pack!
</div>

</div>









<a class="a-link-normal comment-link commentStripe" title="0" href="http://www.amazon.de/review/RGA601Y4XGDFT/ref=cm_cr_dp_cmt/280-6066651-0896728?ie=UTF8&ASIN=B00LTPUMJ4&channel=detail-glance&nodeID=340846031&store=grocery#wasThisHelpful">Kommentar</a>
<i class="a-icon a-icon-text-separator commentStripe"></i>









<script type='text/javascript'>
  


  
P.when("A").execute(function(A) {
   
   function vote(event) {
     var root = A.$(event.data.rootComponentId);
     var target = event.$target;
     root.find(".cr-vote-buttons").addClass("a-hidden");
     root.find(".cr-vote-feedback").removeClass("a-hidden");
       
     A.get(target.attr("href") + "&type=json&_=" + (new Date()).getTime(),
     {
	   dataType: 'json',
	   ajaxTimeout: 10000,
	   success: function(data, textStatus){ 
         success(data, root, target);
       },
	   error: function(XMLHttpRequest, textStatus, errorThrown){
         error(root, target);
       }
	 });
     event.$event.preventDefault();

   }

   function isNoButton(target) {       
     return target.closest(".noButton").length > 0;
   }

   function success(data, root, target) {
       if (data.redirect == 1) {
	   window.location.href = target.attr("href");
       } else if (data.error == 1) {
	   error(root, target);
       } else {
	   root.find(".cr-vote-success").removeClass("a-hidden");	   
	   root.find(".cr-vote-feedback").addClass("a-hidden");
       }
   }

   function error(root, target) {
       root.find(".cr-vote-error").removeClass("a-hidden");	   
       root.find(".cr-vote-feedback").addClass("a-hidden");
   }

   A.declarative("cr-vote", ["click"], vote);
});


</script>

<a id="RGA601Y4XGDFT.2115.Helpful.Reviews"></a>
<span id="cr-vote-RGA601Y4XGDFT" class="votingStripe">
      <span class="a-size-base a-color-secondary cr-vote-buttons">
    3 Personen fanden diese Informationen hilfreich. War diese Rezension für Sie hilfreich?
    <span class="a-letter-space"></span>
    <span class="a-declarative" data-action="cr-vote" data-cr-vote="{&quot;rootComponentId&quot;:&quot;#cr-vote-RGA601Y4XGDFT&quot;,&quot;reviewId&quot;:&quot;RGA601Y4XGDFT&quot;}" style="display: inline">
      <span class="a-button a-button-beside-text a-button-small yesButton votingButtonReviews"><span class="a-button-inner"><a href="http://www.amazon.de/gp/voting/cast/Reviews/2115/RGA601Y4XGDFT/Helpful/1/ref=cm_cr_dp_voteyn_yes/280-6066651-0896728?ie=UTF8&target=aHR0cDovL3d3dy5hbWF6b24uZGUvZ3AvcHJvZHVjdC9CMDBCU05BQ0lJL3JlZj1jbV9jcl9kcHZvdGVyZHIvMjgwLTYwNjY2NTEtMDg5NjcyOD9pZT1VVEY4Jm09QTNKV0tBS1I4WEI3WEY&token=15928E32EBA8894B4AC673FF44C56FB5AA51A791&voteAnchorName=RGA601Y4XGDFT.2115.Helpful.Reviews&voteSessionID=280-6066651-0896728" title="Ja" class="a-button-text a-text-center" role="button">Ja </a></span></span><span class="a-button a-button-beside-text a-button-small noButton votingButtonReviews"><span class="a-button-inner"><a href="http://www.amazon.de/gp/voting/cast/Reviews/2115/RGA601Y4XGDFT/Helpful/-1/ref=cm_cr_dp_voteyn_no/280-6066651-0896728?ie=UTF8&target=aHR0cDovL3d3dy5hbWF6b24uZGUvZ3AvcHJvZHVjdC9CMDBCU05BQ0lJL3JlZj1jbV9jcl9kcHZvdGVyZHIvMjgwLTYwNjY2NTEtMDg5NjcyOD9pZT1VVEY4Jm09QTNKV0tBS1I4WEI3WEY&token=E8739C0E9B2975132BD4A53874C33C72A8C1FEEA&voteAnchorName=RGA601Y4XGDFT.2115.Helpful.Reviews&voteSessionID=280-6066651-0896728" title="Nein" class="a-button-text a-text-center" role="button">Nein</a></span></span>
    </span>
  </span>
  <span class="a-hidden cr-vote-feedback">
    Feedback senden...
  </span>
  <div class="a-box a-alert-inline a-alert-inline-success a-hidden cr-vote-success"><div class="a-box-inner a-alert-container"><i class="a-icon a-icon-alert"></i><div class="a-alert-content">
	Vielen Dank für Ihr Feedback.
  </div></div></div>
  <div class="a-box a-alert-inline a-alert-inline-error a-hidden cr-vote-error"><div class="a-box-inner a-alert-container"><i class="a-icon a-icon-alert"></i><div class="a-alert-content">
    Wir konnten Ihre Stimmabgabe leider nicht speichern. Bitte erneut versuchen
  </div></div></div>
  <span class="a-letter-space"></span>
  <span class="a-color-base cr-vote-inapp">
    <a href="http://www.amazon.de/gp/voting/cast/Reviews/2115/RGA601Y4XGDFT/Inappropriate/1/ref=cm_cr_dp_abuse_voteyn/280-6066651-0896728?ie=UTF8&target=aHR0cDovL3d3dy5hbWF6b24uZGUvZ3AvcHJvZHVjdC9CMDBCU05BQ0lJL3JlZj1jbV9jcl9kcF9hYnVzZV92b3RlcmRyLzI4MC02MDY2NjUxLTA4OTY3Mjg_aWU9VVRGOCZtPUEzSldLQUtSOFhCN1hG&token=865F7006CD90D5E6EEC53325CC39BFC2DF09CE58&voteAnchorName=RGA601Y4XGDFT.2115.Inappropriate.Reviews&voteSessionID=280-6066651-0896728" >Missbrauch melden</a>
  </span>
</span>



</div>

<div id="rev-dpReviewsMostHelpfulAUI-R3IWZQAG5VVO4J" class="a-section celwidget"><div class="a-row a-spacing-micro"><div class="a-icon-row a-spacing-none"><a class="a-link-normal a-text-normal a-color-base" title="5.0 von 5 Sternen" href="http://www.amazon.de/review/R3IWZQAG5VVO4J/ref=cm_cr_dp_title/280-6066651-0896728?ie=UTF8&ASIN=B00BSNACII&channel=detail-glance&nodeID=340846031&store=grocery"><i class="a-icon a-icon-star a-star-5"><span class="a-icon-alt">5.0 von 5 Sternen</span></i></a><span class="a-letter-space"></span><a class="a-link-normal a-text-normal a-color-base" href="http://www.amazon.de/review/R3IWZQAG5VVO4J/ref=cm_cr_dp_title/280-6066651-0896728?ie=UTF8&ASIN=B00BSNACII&channel=detail-glance&nodeID=340846031&store=grocery"><span class="a-size-base a-text-bold">price is good and the quality is nice , it is cheap than China , will buy again if the px is suitable</span></a></div><span class="a-color-secondary">







  <span class="a-size-normal">
    <span class="a-color-secondary">
      Von
    </span>
    <a href="/gp/pdp/profile/A3AEIM5G622N9F/ref=cm_cr_dp_pdp/280-6066651-0896728" class="noTextDecoration">Amazon Kunde</a>
  </span>
<span class="a-color-secondary"> am 20. Mai 2016</span></span></div><div id="revData-dpReviewsMostHelpfulAUI-R3IWZQAG5VVO4J" class="a-row a-spacing-small"><span class="a-size-mini a-color-secondary">Größe: 4 x 600g<i class="a-icon a-icon-text-separator"></i></span><span class="a-size-mini a-color-state a-text-bold">
    Verifizierter Kauf
  </span>






<div class="a-section">
  price is good and the quality is nice , it is cheap than China , will buy again if the px is suitable
</div>

</div>









<a class="a-link-normal comment-link commentStripe" title="0" href="http://www.amazon.de/review/R3IWZQAG5VVO4J/ref=cm_cr_dp_cmt/280-6066651-0896728?ie=UTF8&ASIN=B00BSNACII&channel=detail-glance&nodeID=340846031&store=grocery#wasThisHelpful">Kommentar</a>
<i class="a-icon a-icon-text-separator commentStripe"></i>









<script type='text/javascript'>
  


  
P.when("A").execute(function(A) {
   
   function vote(event) {
     var root = A.$(event.data.rootComponentId);
     var target = event.$target;
     root.find(".cr-vote-buttons").addClass("a-hidden");
     root.find(".cr-vote-feedback").removeClass("a-hidden");
       
     A.get(target.attr("href") + "&type=json&_=" + (new Date()).getTime(),
     {
	   dataType: 'json',
	   ajaxTimeout: 10000,
	   success: function(data, textStatus){ 
         success(data, root, target);
       },
	   error: function(XMLHttpRequest, textStatus, errorThrown){
         error(root, target);
       }
	 });
     event.$event.preventDefault();

   }

   function isNoButton(target) {       
     return target.closest(".noButton").length > 0;
   }

   function success(data, root, target) {
       if (data.redirect == 1) {
	   window.location.href = target.attr("href");
       } else if (data.error == 1) {
	   error(root, target);
       } else {
	   root.find(".cr-vote-success").removeClass("a-hidden");	   
	   root.find(".cr-vote-feedback").addClass("a-hidden");
       }
   }

   function error(root, target) {
       root.find(".cr-vote-error").removeClass("a-hidden");	   
       root.find(".cr-vote-feedback").addClass("a-hidden");
   }

   A.declarative("cr-vote", ["click"], vote);
});


</script>

<a id="R3IWZQAG5VVO4J.2115.Helpful.Reviews"></a>
<span id="cr-vote-R3IWZQAG5VVO4J" class="votingStripe">
      <span class="cr-vote-buttons">
    War diese Rezension für Sie hilfreich?
    <span class="a-letter-space"></span>
    <span class="a-declarative" data-action="cr-vote" data-cr-vote="{&quot;rootComponentId&quot;:&quot;#cr-vote-R3IWZQAG5VVO4J&quot;,&quot;reviewId&quot;:&quot;R3IWZQAG5VVO4J&quot;}" style="display: inline">
      <span class="a-button a-button-beside-text a-button-small yesButton votingButtonReviews"><span class="a-button-inner"><a href="http://www.amazon.de/gp/voting/cast/Reviews/2115/R3IWZQAG5VVO4J/Helpful/1/ref=cm_cr_dp_voteyn_yes/280-6066651-0896728?ie=UTF8&target=aHR0cDovL3d3dy5hbWF6b24uZGUvZ3AvcHJvZHVjdC9CMDBCU05BQ0lJL3JlZj1jbV9jcl9kcHZvdGVyZHIvMjgwLTYwNjY2NTEtMDg5NjcyOD9pZT1VVEY4Jm09QTNKV0tBS1I4WEI3WEY&token=5D2EC7ABBA0A8B20D9358680CAC4A1743607BE86&voteAnchorName=R3IWZQAG5VVO4J.2115.Helpful.Reviews&voteSessionID=280-6066651-0896728" title="Ja" class="a-button-text a-text-center" role="button">Ja </a></span></span><span class="a-button a-button-beside-text a-button-small noButton votingButtonReviews"><span class="a-button-inner"><a href="http://www.amazon.de/gp/voting/cast/Reviews/2115/R3IWZQAG5VVO4J/Helpful/-1/ref=cm_cr_dp_voteyn_no/280-6066651-0896728?ie=UTF8&target=aHR0cDovL3d3dy5hbWF6b24uZGUvZ3AvcHJvZHVjdC9CMDBCU05BQ0lJL3JlZj1jbV9jcl9kcHZvdGVyZHIvMjgwLTYwNjY2NTEtMDg5NjcyOD9pZT1VVEY4Jm09QTNKV0tBS1I4WEI3WEY&token=46C905CBB6B82A686C635E129AB81826694202AD&voteAnchorName=R3IWZQAG5VVO4J.2115.Helpful.Reviews&voteSessionID=280-6066651-0896728" title="Nein" class="a-button-text a-text-center" role="button">Nein</a></span></span>
    </span>
  </span>
  <span class="a-hidden cr-vote-feedback">
    Feedback senden...
  </span>
  <div class="a-box a-alert-inline a-alert-inline-success a-hidden cr-vote-success"><div class="a-box-inner a-alert-container"><i class="a-icon a-icon-alert"></i><div class="a-alert-content">
	Vielen Dank für Ihr Feedback.
  </div></div></div>
  <div class="a-box a-alert-inline a-alert-inline-error a-hidden cr-vote-error"><div class="a-box-inner a-alert-container"><i class="a-icon a-icon-alert"></i><div class="a-alert-content">
    Wir konnten Ihre Stimmabgabe leider nicht speichern. Bitte erneut versuchen
  </div></div></div>
  <span class="a-letter-space"></span>
  <span class="a-color-base cr-vote-inapp">
    <a href="http://www.amazon.de/gp/voting/cast/Reviews/2115/R3IWZQAG5VVO4J/Inappropriate/1/ref=cm_cr_dp_abuse_voteyn/280-6066651-0896728?ie=UTF8&target=aHR0cDovL3d3dy5hbWF6b24uZGUvZ3AvcHJvZHVjdC9CMDBCU05BQ0lJL3JlZj1jbV9jcl9kcF9hYnVzZV92b3RlcmRyLzI4MC02MDY2NjUxLTA4OTY3Mjg_aWU9VVRGOCZtPUEzSldLQUtSOFhCN1hG&token=4D1F95A2B9C0966C5A8B1E7E084C701E0EB43E65&voteAnchorName=R3IWZQAG5VVO4J.2115.Inappropriate.Reviews&voteSessionID=280-6066651-0896728" >Missbrauch melden</a>
  </span>
</span>



</div>

<div id="rev-dpReviewsMostHelpfulAUI-R8PL2ROM1VA4A" class="a-section celwidget"><div class="a-row a-spacing-micro"><div class="a-icon-row a-spacing-none"><a class="a-link-normal a-text-normal a-color-base" title="5.0 von 5 Sternen" href="http://www.amazon.de/review/R8PL2ROM1VA4A/ref=cm_cr_dp_title/280-6066651-0896728?ie=UTF8&ASIN=B00BSNACII&channel=detail-glance&nodeID=340846031&store=grocery"><i class="a-icon a-icon-star a-star-5"><span class="a-icon-alt">5.0 von 5 Sternen</span></i></a><span class="a-letter-space"></span><a class="a-link-normal a-text-normal a-color-base" href="http://www.amazon.de/review/R8PL2ROM1VA4A/ref=cm_cr_dp_title/280-6066651-0896728?ie=UTF8&ASIN=B00BSNACII&channel=detail-glance&nodeID=340846031&store=grocery"><span class="a-size-base a-text-bold">Aptamil Kindermilch 1+ ab 1 Jahr, 4er Pack (4... AptamilSehr gut</span></a></div><span class="a-color-secondary">







  <span class="a-size-normal">
    <span class="a-color-secondary">
      Von
    </span>
    <a href="/gp/pdp/profile/A2UO3288P59IUI/ref=cm_cr_dp_pdp/280-6066651-0896728" class="noTextDecoration">Amazon Kunde</a>
  </span>
<span class="a-color-secondary"> am 4. Dezember 2015</span></span></div><div id="revData-dpReviewsMostHelpfulAUI-R8PL2ROM1VA4A" class="a-row a-spacing-small"><span class="a-size-mini a-color-secondary">Größe: 4 x 600g<i class="a-icon a-icon-text-separator"></i></span><span class="a-size-mini a-color-state a-text-bold">
    Verifizierter Kauf
  </span>






<div class="a-section">
  Aptamil Kindermilch 1+ ab 1 Jahr, 4er Pack (4... AptamilSehr gut&#65292;<br>Das n&auml;chste mal Kommen.  5 von Aptamil Profutura 2 Folgemilch nach dem 6. Monat, 4er Pack (4 x 800 g)<br>Verkauf durch: Amazon EU S.a.r.L.
</div>

</div>









<a class="a-link-normal comment-link commentStripe" title="0" href="http://www.amazon.de/review/R8PL2ROM1VA4A/ref=cm_cr_dp_cmt/280-6066651-0896728?ie=UTF8&ASIN=B00BSNACII&channel=detail-glance&nodeID=340846031&store=grocery#wasThisHelpful">Kommentar</a>
<i class="a-icon a-icon-text-separator commentStripe"></i>









<script type='text/javascript'>
  


  
P.when("A").execute(function(A) {
   
   function vote(event) {
     var root = A.$(event.data.rootComponentId);
     var target = event.$target;
     root.find(".cr-vote-buttons").addClass("a-hidden");
     root.find(".cr-vote-feedback").removeClass("a-hidden");
       
     A.get(target.attr("href") + "&type=json&_=" + (new Date()).getTime(),
     {
	   dataType: 'json',
	   ajaxTimeout: 10000,
	   success: function(data, textStatus){ 
         success(data, root, target);
       },
	   error: function(XMLHttpRequest, textStatus, errorThrown){
         error(root, target);
       }
	 });
     event.$event.preventDefault();

   }

   function isNoButton(target) {       
     return target.closest(".noButton").length > 0;
   }

   function success(data, root, target) {
       if (data.redirect == 1) {
	   window.location.href = target.attr("href");
       } else if (data.error == 1) {
	   error(root, target);
       } else {
	   root.find(".cr-vote-success").removeClass("a-hidden");	   
	   root.find(".cr-vote-feedback").addClass("a-hidden");
       }
   }

   function error(root, target) {
       root.find(".cr-vote-error").removeClass("a-hidden");	   
       root.find(".cr-vote-feedback").addClass("a-hidden");
   }

   A.declarative("cr-vote", ["click"], vote);
});


</script>

<a id="R8PL2ROM1VA4A.2115.Helpful.Reviews"></a>
<span id="cr-vote-R8PL2ROM1VA4A" class="votingStripe">
      <span class="a-size-base a-color-secondary cr-vote-buttons">
    Eine Person fand diese Informationen hilfreich. War diese Rezension für Sie hilfreich?
    <span class="a-letter-space"></span>
    <span class="a-declarative" data-action="cr-vote" data-cr-vote="{&quot;rootComponentId&quot;:&quot;#cr-vote-R8PL2ROM1VA4A&quot;,&quot;reviewId&quot;:&quot;R8PL2ROM1VA4A&quot;}" style="display: inline">
      <span class="a-button a-button-beside-text a-button-small yesButton votingButtonReviews"><span class="a-button-inner"><a href="http://www.amazon.de/gp/voting/cast/Reviews/2115/R8PL2ROM1VA4A/Helpful/1/ref=cm_cr_dp_voteyn_yes/280-6066651-0896728?ie=UTF8&target=aHR0cDovL3d3dy5hbWF6b24uZGUvZ3AvcHJvZHVjdC9CMDBCU05BQ0lJL3JlZj1jbV9jcl9kcHZvdGVyZHIvMjgwLTYwNjY2NTEtMDg5NjcyOD9pZT1VVEY4Jm09QTNKV0tBS1I4WEI3WEY&token=612FCB2DBDDE1F51647FFC0D8D43FF08BC03AE60&voteAnchorName=R8PL2ROM1VA4A.2115.Helpful.Reviews&voteSessionID=280-6066651-0896728" title="Ja" class="a-button-text a-text-center" role="button">Ja </a></span></span><span class="a-button a-button-beside-text a-button-small noButton votingButtonReviews"><span class="a-button-inner"><a href="http://www.amazon.de/gp/voting/cast/Reviews/2115/R8PL2ROM1VA4A/Helpful/-1/ref=cm_cr_dp_voteyn_no/280-6066651-0896728?ie=UTF8&target=aHR0cDovL3d3dy5hbWF6b24uZGUvZ3AvcHJvZHVjdC9CMDBCU05BQ0lJL3JlZj1jbV9jcl9kcHZvdGVyZHIvMjgwLTYwNjY2NTEtMDg5NjcyOD9pZT1VVEY4Jm09QTNKV0tBS1I4WEI3WEY&token=89E4D1A137CEC76F2A9FDC9A1667AADD1EC6E251&voteAnchorName=R8PL2ROM1VA4A.2115.Helpful.Reviews&voteSessionID=280-6066651-0896728" title="Nein" class="a-button-text a-text-center" role="button">Nein</a></span></span>
    </span>
  </span>
  <span class="a-hidden cr-vote-feedback">
    Feedback senden...
  </span>
  <div class="a-box a-alert-inline a-alert-inline-success a-hidden cr-vote-success"><div class="a-box-inner a-alert-container"><i class="a-icon a-icon-alert"></i><div class="a-alert-content">
	Vielen Dank für Ihr Feedback.
  </div></div></div>
  <div class="a-box a-alert-inline a-alert-inline-error a-hidden cr-vote-error"><div class="a-box-inner a-alert-container"><i class="a-icon a-icon-alert"></i><div class="a-alert-content">
    Wir konnten Ihre Stimmabgabe leider nicht speichern. Bitte erneut versuchen
  </div></div></div>
  <span class="a-letter-space"></span>
  <span class="a-color-base cr-vote-inapp">
    <a href="http://www.amazon.de/gp/voting/cast/Reviews/2115/R8PL2ROM1VA4A/Inappropriate/1/ref=cm_cr_dp_abuse_voteyn/280-6066651-0896728?ie=UTF8&target=aHR0cDovL3d3dy5hbWF6b24uZGUvZ3AvcHJvZHVjdC9CMDBCU05BQ0lJL3JlZj1jbV9jcl9kcF9hYnVzZV92b3RlcmRyLzI4MC02MDY2NjUxLTA4OTY3Mjg_aWU9VVRGOCZtPUEzSldLQUtSOFhCN1hG&token=4AFF79A6A089E7A1CEE3BAE736D5192D3F76FC02&voteAnchorName=R8PL2ROM1VA4A.2115.Inappropriate.Reviews&voteSessionID=280-6066651-0896728" >Missbrauch melden</a>
  </span>
</span>



</div>

<div id="rev-dpReviewsMostHelpfulAUI-R5Z3YHXQ460VW" class="a-section celwidget"><div class="a-row a-spacing-micro"><div class="a-icon-row a-spacing-none"><a class="a-link-normal a-text-normal a-color-base" title="4.0 von 5 Sternen" href="http://www.amazon.de/review/R5Z3YHXQ460VW/ref=cm_cr_dp_title/280-6066651-0896728?ie=UTF8&ASIN=B00BSNACII&channel=detail-glance&nodeID=340846031&store=grocery"><i class="a-icon a-icon-star a-star-4"><span class="a-icon-alt">4.0 von 5 Sternen</span></i></a><span class="a-letter-space"></span><a class="a-link-normal a-text-normal a-color-base" href="http://www.amazon.de/review/R5Z3YHXQ460VW/ref=cm_cr_dp_title/280-6066651-0896728?ie=UTF8&ASIN=B00BSNACII&channel=detail-glance&nodeID=340846031&store=grocery"><span class="a-size-base a-text-bold">sehr gut aptamail</span></a></div><span class="a-color-secondary">







  <span class="a-size-normal">
    <span class="a-color-secondary">
      Von
    </span>
    <a href="/gp/pdp/profile/A1F0D918CZ5YKK/ref=cm_cr_dp_pdp/280-6066651-0896728" class="noTextDecoration">Amazon Kunde</a>
  </span>
<span class="a-color-secondary"> am 14. Dezember 2015</span></span></div><div id="revData-dpReviewsMostHelpfulAUI-R5Z3YHXQ460VW" class="a-row a-spacing-small"><span class="a-size-mini a-color-secondary">Größe: 4 x 600g<i class="a-icon a-icon-text-separator"></i></span><span class="a-size-mini a-color-state a-text-bold">
    Verifizierter Kauf
  </span>






<div class="a-section">
  Es ist sehr gut. Und gef&auml;llt es mir sehr gern. wird ich noch mal kaufen.<br><br>Ich werde immer kaufen.Achten Sie auf eine gute Baby .sieht gut aus.Ich werde meine Freunde vorstellen, um zusammen zu kaufen.
</div>

</div>









<a class="a-link-normal comment-link commentStripe" title="0" href="http://www.amazon.de/review/R5Z3YHXQ460VW/ref=cm_cr_dp_cmt/280-6066651-0896728?ie=UTF8&ASIN=B00BSNACII&channel=detail-glance&nodeID=340846031&store=grocery#wasThisHelpful">Kommentar</a>
<i class="a-icon a-icon-text-separator commentStripe"></i>









<script type='text/javascript'>
  


  
P.when("A").execute(function(A) {
   
   function vote(event) {
     var root = A.$(event.data.rootComponentId);
     var target = event.$target;
     root.find(".cr-vote-buttons").addClass("a-hidden");
     root.find(".cr-vote-feedback").removeClass("a-hidden");
       
     A.get(target.attr("href") + "&type=json&_=" + (new Date()).getTime(),
     {
	   dataType: 'json',
	   ajaxTimeout: 10000,
	   success: function(data, textStatus){ 
         success(data, root, target);
       },
	   error: function(XMLHttpRequest, textStatus, errorThrown){
         error(root, target);
       }
	 });
     event.$event.preventDefault();

   }

   function isNoButton(target) {       
     return target.closest(".noButton").length > 0;
   }

   function success(data, root, target) {
       if (data.redirect == 1) {
	   window.location.href = target.attr("href");
       } else if (data.error == 1) {
	   error(root, target);
       } else {
	   root.find(".cr-vote-success").removeClass("a-hidden");	   
	   root.find(".cr-vote-feedback").addClass("a-hidden");
       }
   }

   function error(root, target) {
       root.find(".cr-vote-error").removeClass("a-hidden");	   
       root.find(".cr-vote-feedback").addClass("a-hidden");
   }

   A.declarative("cr-vote", ["click"], vote);
});


</script>

<a id="R5Z3YHXQ460VW.2115.Helpful.Reviews"></a>
<span id="cr-vote-R5Z3YHXQ460VW" class="votingStripe">
      <span class="cr-vote-buttons">
    War diese Rezension für Sie hilfreich?
    <span class="a-letter-space"></span>
    <span class="a-declarative" data-action="cr-vote" data-cr-vote="{&quot;rootComponentId&quot;:&quot;#cr-vote-R5Z3YHXQ460VW&quot;,&quot;reviewId&quot;:&quot;R5Z3YHXQ460VW&quot;}" style="display: inline">
      <span class="a-button a-button-beside-text a-button-small yesButton votingButtonReviews"><span class="a-button-inner"><a href="http://www.amazon.de/gp/voting/cast/Reviews/2115/R5Z3YHXQ460VW/Helpful/1/ref=cm_cr_dp_voteyn_yes/280-6066651-0896728?ie=UTF8&target=aHR0cDovL3d3dy5hbWF6b24uZGUvZ3AvcHJvZHVjdC9CMDBCU05BQ0lJL3JlZj1jbV9jcl9kcHZvdGVyZHIvMjgwLTYwNjY2NTEtMDg5NjcyOD9pZT1VVEY4Jm09QTNKV0tBS1I4WEI3WEY&token=40B4C429AB59C14C5DE743B55295A1348C520881&voteAnchorName=R5Z3YHXQ460VW.2115.Helpful.Reviews&voteSessionID=280-6066651-0896728" title="Ja" class="a-button-text a-text-center" role="button">Ja </a></span></span><span class="a-button a-button-beside-text a-button-small noButton votingButtonReviews"><span class="a-button-inner"><a href="http://www.amazon.de/gp/voting/cast/Reviews/2115/R5Z3YHXQ460VW/Helpful/-1/ref=cm_cr_dp_voteyn_no/280-6066651-0896728?ie=UTF8&target=aHR0cDovL3d3dy5hbWF6b24uZGUvZ3AvcHJvZHVjdC9CMDBCU05BQ0lJL3JlZj1jbV9jcl9kcHZvdGVyZHIvMjgwLTYwNjY2NTEtMDg5NjcyOD9pZT1VVEY4Jm09QTNKV0tBS1I4WEI3WEY&token=8638AF8CEB3CA08F212CC2B21B2EDCDAB5D43418&voteAnchorName=R5Z3YHXQ460VW.2115.Helpful.Reviews&voteSessionID=280-6066651-0896728" title="Nein" class="a-button-text a-text-center" role="button">Nein</a></span></span>
    </span>
  </span>
  <span class="a-hidden cr-vote-feedback">
    Feedback senden...
  </span>
  <div class="a-box a-alert-inline a-alert-inline-success a-hidden cr-vote-success"><div class="a-box-inner a-alert-container"><i class="a-icon a-icon-alert"></i><div class="a-alert-content">
	Vielen Dank für Ihr Feedback.
  </div></div></div>
  <div class="a-box a-alert-inline a-alert-inline-error a-hidden cr-vote-error"><div class="a-box-inner a-alert-container"><i class="a-icon a-icon-alert"></i><div class="a-alert-content">
    Wir konnten Ihre Stimmabgabe leider nicht speichern. Bitte erneut versuchen
  </div></div></div>
  <span class="a-letter-space"></span>
  <span class="a-color-base cr-vote-inapp">
    <a href="http://www.amazon.de/gp/voting/cast/Reviews/2115/R5Z3YHXQ460VW/Inappropriate/1/ref=cm_cr_dp_abuse_voteyn/280-6066651-0896728?ie=UTF8&target=aHR0cDovL3d3dy5hbWF6b24uZGUvZ3AvcHJvZHVjdC9CMDBCU05BQ0lJL3JlZj1jbV9jcl9kcF9hYnVzZV92b3RlcmRyLzI4MC02MDY2NjUxLTA4OTY3Mjg_aWU9VVRGOCZtPUEzSldLQUtSOFhCN1hG&token=649FFCB9795C0D0EEC9B2ABDB80EFCEEF783E032&voteAnchorName=R5Z3YHXQ460VW.2115.Inappropriate.Reviews&voteSessionID=280-6066651-0896728" >Missbrauch melden</a>
  </span>
</span>



</div>

<div id="rev-dpReviewsMostHelpfulAUI-R2QYNA8DRY1Q0W" class="a-section celwidget"><div class="a-row a-spacing-micro"><div class="a-icon-row a-spacing-none"><a class="a-link-normal a-text-normal a-color-base" title="5.0 von 5 Sternen" href="http://www.amazon.de/review/R2QYNA8DRY1Q0W/ref=cm_cr_dp_title/280-6066651-0896728?ie=UTF8&ASIN=B00BSNACII&channel=detail-glance&nodeID=340846031&store=grocery"><i class="a-icon a-icon-star a-star-5"><span class="a-icon-alt">5.0 von 5 Sternen</span></i></a><span class="a-letter-space"></span><a class="a-link-normal a-text-normal a-color-base" href="http://www.amazon.de/review/R2QYNA8DRY1Q0W/ref=cm_cr_dp_title/280-6066651-0896728?ie=UTF8&ASIN=B00BSNACII&channel=detail-glance&nodeID=340846031&store=grocery"><span class="a-size-base a-text-bold">Milchpulver</span></a></div><span class="a-color-secondary">







  <span class="a-size-normal">
    <span class="a-color-secondary">
      Von
    </span>
    <a href="/gp/pdp/profile/A9FAW8Q7S1H7D/ref=cm_cr_dp_pdp/280-6066651-0896728" class="noTextDecoration">Amazon Kunde</a>
  </span>
<span class="a-color-secondary"> am 4. Januar 2016</span></span></div><div id="revData-dpReviewsMostHelpfulAUI-R2QYNA8DRY1Q0W" class="a-row a-spacing-small"><span class="a-size-mini a-color-secondary">Größe: 4 x 600g<i class="a-icon a-icon-text-separator"></i></span><span class="a-size-mini a-color-state a-text-bold">
    Verifizierter Kauf
  </span>






<div class="a-section">
  Tut Mir leid! Ich kann Kein Deutsch, einfach Wie folgt beschrieben,Die Geschwindigkeit der Logistik zu zwingen, Baby genie&szlig;en.Sehr gut Sehr gut Sehr gut Ich werde auch weiterhin den Kauf.
</div>

</div>









<a class="a-link-normal comment-link commentStripe" title="0" href="http://www.amazon.de/review/R2QYNA8DRY1Q0W/ref=cm_cr_dp_cmt/280-6066651-0896728?ie=UTF8&ASIN=B00BSNACII&channel=detail-glance&nodeID=340846031&store=grocery#wasThisHelpful">Kommentar</a>
<i class="a-icon a-icon-text-separator commentStripe"></i>









<script type='text/javascript'>
  


  
P.when("A").execute(function(A) {
   
   function vote(event) {
     var root = A.$(event.data.rootComponentId);
     var target = event.$target;
     root.find(".cr-vote-buttons").addClass("a-hidden");
     root.find(".cr-vote-feedback").removeClass("a-hidden");
       
     A.get(target.attr("href") + "&type=json&_=" + (new Date()).getTime(),
     {
	   dataType: 'json',
	   ajaxTimeout: 10000,
	   success: function(data, textStatus){ 
         success(data, root, target);
       },
	   error: function(XMLHttpRequest, textStatus, errorThrown){
         error(root, target);
       }
	 });
     event.$event.preventDefault();

   }

   function isNoButton(target) {       
     return target.closest(".noButton").length > 0;
   }

   function success(data, root, target) {
       if (data.redirect == 1) {
	   window.location.href = target.attr("href");
       } else if (data.error == 1) {
	   error(root, target);
       } else {
	   root.find(".cr-vote-success").removeClass("a-hidden");	   
	   root.find(".cr-vote-feedback").addClass("a-hidden");
       }
   }

   function error(root, target) {
       root.find(".cr-vote-error").removeClass("a-hidden");	   
       root.find(".cr-vote-feedback").addClass("a-hidden");
   }

   A.declarative("cr-vote", ["click"], vote);
});


</script>

<a id="R2QYNA8DRY1Q0W.2115.Helpful.Reviews"></a>
<span id="cr-vote-R2QYNA8DRY1Q0W" class="votingStripe">
      <span class="cr-vote-buttons">
    War diese Rezension für Sie hilfreich?
    <span class="a-letter-space"></span>
    <span class="a-declarative" data-action="cr-vote" data-cr-vote="{&quot;rootComponentId&quot;:&quot;#cr-vote-R2QYNA8DRY1Q0W&quot;,&quot;reviewId&quot;:&quot;R2QYNA8DRY1Q0W&quot;}" style="display: inline">
      <span class="a-button a-button-beside-text a-button-small yesButton votingButtonReviews"><span class="a-button-inner"><a href="http://www.amazon.de/gp/voting/cast/Reviews/2115/R2QYNA8DRY1Q0W/Helpful/1/ref=cm_cr_dp_voteyn_yes/280-6066651-0896728?ie=UTF8&target=aHR0cDovL3d3dy5hbWF6b24uZGUvZ3AvcHJvZHVjdC9CMDBCU05BQ0lJL3JlZj1jbV9jcl9kcHZvdGVyZHIvMjgwLTYwNjY2NTEtMDg5NjcyOD9pZT1VVEY4Jm09QTNKV0tBS1I4WEI3WEY&token=855EA4DADD015DC71908775DA0EBF8F6F7EC1C5F&voteAnchorName=R2QYNA8DRY1Q0W.2115.Helpful.Reviews&voteSessionID=280-6066651-0896728" title="Ja" class="a-button-text a-text-center" role="button">Ja </a></span></span><span class="a-button a-button-beside-text a-button-small noButton votingButtonReviews"><span class="a-button-inner"><a href="http://www.amazon.de/gp/voting/cast/Reviews/2115/R2QYNA8DRY1Q0W/Helpful/-1/ref=cm_cr_dp_voteyn_no/280-6066651-0896728?ie=UTF8&target=aHR0cDovL3d3dy5hbWF6b24uZGUvZ3AvcHJvZHVjdC9CMDBCU05BQ0lJL3JlZj1jbV9jcl9kcHZvdGVyZHIvMjgwLTYwNjY2NTEtMDg5NjcyOD9pZT1VVEY4Jm09QTNKV0tBS1I4WEI3WEY&token=6955C87A6CB9F9BCA536E3026D1B141F550875AB&voteAnchorName=R2QYNA8DRY1Q0W.2115.Helpful.Reviews&voteSessionID=280-6066651-0896728" title="Nein" class="a-button-text a-text-center" role="button">Nein</a></span></span>
    </span>
  </span>
  <span class="a-hidden cr-vote-feedback">
    Feedback senden...
  </span>
  <div class="a-box a-alert-inline a-alert-inline-success a-hidden cr-vote-success"><div class="a-box-inner a-alert-container"><i class="a-icon a-icon-alert"></i><div class="a-alert-content">
	Vielen Dank für Ihr Feedback.
  </div></div></div>
  <div class="a-box a-alert-inline a-alert-inline-error a-hidden cr-vote-error"><div class="a-box-inner a-alert-container"><i class="a-icon a-icon-alert"></i><div class="a-alert-content">
    Wir konnten Ihre Stimmabgabe leider nicht speichern. Bitte erneut versuchen
  </div></div></div>
  <span class="a-letter-space"></span>
  <span class="a-color-base cr-vote-inapp">
    <a href="http://www.amazon.de/gp/voting/cast/Reviews/2115/R2QYNA8DRY1Q0W/Inappropriate/1/ref=cm_cr_dp_abuse_voteyn/280-6066651-0896728?ie=UTF8&target=aHR0cDovL3d3dy5hbWF6b24uZGUvZ3AvcHJvZHVjdC9CMDBCU05BQ0lJL3JlZj1jbV9jcl9kcF9hYnVzZV92b3RlcmRyLzI4MC02MDY2NjUxLTA4OTY3Mjg_aWU9VVRGOCZtPUEzSldLQUtSOFhCN1hG&token=E64D4F28B5A25C11356789D4A5B7976E4ADD3A3D&voteAnchorName=R2QYNA8DRY1Q0W.2115.Inappropriate.Reviews&voteSessionID=280-6066651-0896728" >Missbrauch melden</a>
  </span>
</span>



</div>

<div id="rev-dpReviewsMostHelpfulAUI-R1VA72RCM3L4WE" class="a-section celwidget"><div class="a-row a-spacing-micro"><div class="a-icon-row a-spacing-none"><a class="a-link-normal a-text-normal a-color-base" title="5.0 von 5 Sternen" href="http://www.amazon.de/review/R1VA72RCM3L4WE/ref=cm_cr_dp_title/280-6066651-0896728?ie=UTF8&ASIN=B00BSNACII&channel=detail-glance&nodeID=340846031&store=grocery"><i class="a-icon a-icon-star a-star-5"><span class="a-icon-alt">5.0 von 5 Sternen</span></i></a><span class="a-letter-space"></span><a class="a-link-normal a-text-normal a-color-base" href="http://www.amazon.de/review/R1VA72RCM3L4WE/ref=cm_cr_dp_title/280-6066651-0896728?ie=UTF8&ASIN=B00BSNACII&channel=detail-glance&nodeID=340846031&store=grocery"><span class="a-size-base a-text-bold">liebt</span></a></div><span class="a-color-secondary">







  <span class="a-size-normal">
    <span class="a-color-secondary">
      Von
    </span>
    <a href="/gp/pdp/profile/A19MQCKV7NPPOX/ref=cm_cr_dp_pdp/280-6066651-0896728" class="noTextDecoration">Amazon Customer</a>
  </span>
<span class="a-color-secondary"> am 21. Dezember 2015</span></span></div><div id="revData-dpReviewsMostHelpfulAUI-R1VA72RCM3L4WE" class="a-row a-spacing-small"><span class="a-size-mini a-color-secondary">Größe: 4 x 600g<i class="a-icon a-icon-text-separator"></i></span><span class="a-size-mini a-color-state a-text-bold">
    Verifizierter Kauf
  </span>






<div class="a-section">
  Wenn mein Baby braucht Essen, milchpulver, wenn Freunde Mir empfohlen, APTAMIL f&uuml;r baby - milchpulver kaufen, baby liebt, m&ouml;chte Ich auch an meine Freunde empfehlen, das milchpulver.
</div>

</div>









<a class="a-link-normal comment-link commentStripe" title="0" href="http://www.amazon.de/review/R1VA72RCM3L4WE/ref=cm_cr_dp_cmt/280-6066651-0896728?ie=UTF8&ASIN=B00BSNACII&channel=detail-glance&nodeID=340846031&store=grocery#wasThisHelpful">Kommentar</a>
<i class="a-icon a-icon-text-separator commentStripe"></i>









<script type='text/javascript'>
  


  
P.when("A").execute(function(A) {
   
   function vote(event) {
     var root = A.$(event.data.rootComponentId);
     var target = event.$target;
     root.find(".cr-vote-buttons").addClass("a-hidden");
     root.find(".cr-vote-feedback").removeClass("a-hidden");
       
     A.get(target.attr("href") + "&type=json&_=" + (new Date()).getTime(),
     {
	   dataType: 'json',
	   ajaxTimeout: 10000,
	   success: function(data, textStatus){ 
         success(data, root, target);
       },
	   error: function(XMLHttpRequest, textStatus, errorThrown){
         error(root, target);
       }
	 });
     event.$event.preventDefault();

   }

   function isNoButton(target) {       
     return target.closest(".noButton").length > 0;
   }

   function success(data, root, target) {
       if (data.redirect == 1) {
	   window.location.href = target.attr("href");
       } else if (data.error == 1) {
	   error(root, target);
       } else {
	   root.find(".cr-vote-success").removeClass("a-hidden");	   
	   root.find(".cr-vote-feedback").addClass("a-hidden");
       }
   }

   function error(root, target) {
       root.find(".cr-vote-error").removeClass("a-hidden");	   
       root.find(".cr-vote-feedback").addClass("a-hidden");
   }

   A.declarative("cr-vote", ["click"], vote);
});


</script>

<a id="R1VA72RCM3L4WE.2115.Helpful.Reviews"></a>
<span id="cr-vote-R1VA72RCM3L4WE" class="votingStripe">
      <span class="cr-vote-buttons">
    War diese Rezension für Sie hilfreich?
    <span class="a-letter-space"></span>
    <span class="a-declarative" data-action="cr-vote" data-cr-vote="{&quot;rootComponentId&quot;:&quot;#cr-vote-R1VA72RCM3L4WE&quot;,&quot;reviewId&quot;:&quot;R1VA72RCM3L4WE&quot;}" style="display: inline">
      <span class="a-button a-button-beside-text a-button-small yesButton votingButtonReviews"><span class="a-button-inner"><a href="http://www.amazon.de/gp/voting/cast/Reviews/2115/R1VA72RCM3L4WE/Helpful/1/ref=cm_cr_dp_voteyn_yes/280-6066651-0896728?ie=UTF8&target=aHR0cDovL3d3dy5hbWF6b24uZGUvZ3AvcHJvZHVjdC9CMDBCU05BQ0lJL3JlZj1jbV9jcl9kcHZvdGVyZHIvMjgwLTYwNjY2NTEtMDg5NjcyOD9pZT1VVEY4Jm09QTNKV0tBS1I4WEI3WEY&token=3CDB4EA5187C42DA3AC8610361D306DBDFD5A5FC&voteAnchorName=R1VA72RCM3L4WE.2115.Helpful.Reviews&voteSessionID=280-6066651-0896728" title="Ja" class="a-button-text a-text-center" role="button">Ja </a></span></span><span class="a-button a-button-beside-text a-button-small noButton votingButtonReviews"><span class="a-button-inner"><a href="http://www.amazon.de/gp/voting/cast/Reviews/2115/R1VA72RCM3L4WE/Helpful/-1/ref=cm_cr_dp_voteyn_no/280-6066651-0896728?ie=UTF8&target=aHR0cDovL3d3dy5hbWF6b24uZGUvZ3AvcHJvZHVjdC9CMDBCU05BQ0lJL3JlZj1jbV9jcl9kcHZvdGVyZHIvMjgwLTYwNjY2NTEtMDg5NjcyOD9pZT1VVEY4Jm09QTNKV0tBS1I4WEI3WEY&token=7AEF4750CBF03DB1CAADA879DC077506DFDFC787&voteAnchorName=R1VA72RCM3L4WE.2115.Helpful.Reviews&voteSessionID=280-6066651-0896728" title="Nein" class="a-button-text a-text-center" role="button">Nein</a></span></span>
    </span>
  </span>
  <span class="a-hidden cr-vote-feedback">
    Feedback senden...
  </span>
  <div class="a-box a-alert-inline a-alert-inline-success a-hidden cr-vote-success"><div class="a-box-inner a-alert-container"><i class="a-icon a-icon-alert"></i><div class="a-alert-content">
	Vielen Dank für Ihr Feedback.
  </div></div></div>
  <div class="a-box a-alert-inline a-alert-inline-error a-hidden cr-vote-error"><div class="a-box-inner a-alert-container"><i class="a-icon a-icon-alert"></i><div class="a-alert-content">
    Wir konnten Ihre Stimmabgabe leider nicht speichern. Bitte erneut versuchen
  </div></div></div>
  <span class="a-letter-space"></span>
  <span class="a-color-base cr-vote-inapp">
    <a href="http://www.amazon.de/gp/voting/cast/Reviews/2115/R1VA72RCM3L4WE/Inappropriate/1/ref=cm_cr_dp_abuse_voteyn/280-6066651-0896728?ie=UTF8&target=aHR0cDovL3d3dy5hbWF6b24uZGUvZ3AvcHJvZHVjdC9CMDBCU05BQ0lJL3JlZj1jbV9jcl9kcF9hYnVzZV92b3RlcmRyLzI4MC02MDY2NjUxLTA4OTY3Mjg_aWU9VVRGOCZtPUEzSldLQUtSOFhCN1hG&token=76351BA7272DC0DF6F7019EE3B6C3DECC604D181&voteAnchorName=R1VA72RCM3L4WE.2115.Inappropriate.Reviews&voteSessionID=280-6066651-0896728" >Missbrauch melden</a>
  </span>
</span>



</div>


<script type="text/javascript">
  

  
P.when("A", "ready").execute(function(A){
  // we want to be able to query the count of this widget being loaded with PMET.
  if(ue && ue.count) {
      ue.count("dp-scroll-down-to-reviews-widget", 0);
  }
  
  var triggered = 0;
  var reviewsSection = A.$("#cm_cr_dpwidget");  
  onScreenTriggerMethod();
  A.on.scroll(onScreenTriggerMethod);
  
  function onScreenTriggerMethod(){
    if (!triggered && A.onScreen(reviewsSection)) {
      triggered = 1;
      
      // we want to be able to query the count of this widget being on screen with PMET.
      if(ue && ue.count) {
          ue.count("dp-scroll-down-to-reviews-widget", 1);
      }

      A.post('/gp/customer-reviews/aj/customer/ranking-trigger', {
          success: function(data){
          },
 
          error: function(data){
          },

          params: {
            csrfT: '0.13528503008326;1464075784;da031b876e39e9f02375a52a1e108b1e8e80d11b93bb35beb264db7d9decfe34',
            requestId: '05RJQ27WRTNRY1YBHKCM',
            sessionId: '280-6066651-0896728',
            weblabID: ''
          }
      });
    }
  }

});

</script>








</div>


          </div>
        </div>
      </div>
      
      <div id="revF" class="a-section a-padding-small">
        





  <div class="a-row a-spacing-large">
    <a class="a-link-emphasis a-text-bold" href="http://www.amazon.de/product-reviews/B00BSNACII/ref=cm_cr_dp_see_all_btm/280-6066651-0896728?ie=UTF8&showViewpoints=1&sortBy=recent">
      Alle 31 Kundenrezensionen anzeigen (neueste zuerst)
    </a>
  </div>
    <span class="a-button a-button-width-normal"><span class="a-button-inner"><a href="http://www.amazon.de/review/create-review/ref=cm_cr_dp_wrt_btm/280-6066651-0896728?ie=UTF8&asin=B00BSNACII&channel=detail-glance&nodeID=340846031&store=grocery" title="Kundenrezension verfassen" class="a-button-text" role="button">
      Kundenrezension verfassen
  </a></span></span>


      </div>

      
      <div id="revOH" class="a-section a-padding-small">
        
      </div>
    </div>

    <div id="revMRLContainer" class="a-column a-span4 a-span-last">

      





<link rel="stylesheet" href="http://z-ecx.images-amazon.com/images/G/01/AUIClients/ReviewsLightbox-f8642c2ff3c686297eeeaf2faf790bf1ce5ce9c2._V2_.css#AUIClients/ReviewsLightbox.min" />
<script>
  (window.AmazonUIPageJS ? AmazonUIPageJS : P).load.js('http://z-ecx.images-amazon.com/images/G/01/AUIClients/ReviewsLightbox-83a550909b6c236f7d3a94c84cfc627d64dcfb2e._V2_.js#AUIClients/ReviewsLightbox.min');
</script>









<style>
    
    
    #DP_IMAGE_GALLERY_BUTTON_CONTAINER .image-thumbnails {
        width: 22.5%;  
        height: auto;                       
        padding: 11.25%; 
        margin-right: 1.25%; 
        display: inline-block;
        background-position: center;
        background-size:cover;
        cursor: pointer;
    }
    
    #DP_IMAGE_GALLERY_BUTTON_CONTAINER .gallery-link {
        cursor: pointer;
    }
</style>
    
<div id="DP_IMAGE_GALLERY_BUTTON_CONTAINER" style="margin-botton:5px;">  
    <h3 class="a-spacing-small"> 
       Kundenbilder
    </h3>
    <div style="text-align:left;padding-bottom:20px;">
        <div class="a-section a-spacing-none image-thumbnails-section">
                <div class="image-thumbnails" style="background-image:url('http://ecx.images-amazon.com/images/I/61c2gCq1lqL._SY128_.jpg');">
                </div>
                <div class="image-thumbnails" style="background-image:url('http://ecx.images-amazon.com/images/I/51HZoRRf0wL._SY128_.jpg');">
                </div>
                <div class="image-thumbnails" style="background-image:url('http://ecx.images-amazon.com/images/I/51LzZBxCBhL._SY128_.jpg');">
                </div>
        </div>    

    </div>
    <div style="display:none;">
        <span class="a-declarative" data-action="a-modal" data-a-modal="{&quot;inlineContent&quot;:&quot;\n&lt;div class=\&quot;reviewLightboxPopoverContainer\&quot;&gt;\n    &lt;div class=\&quot;reviewsLightbox\&quot; id=\&quot;DP_IMAGE_GALLERY_BUTTON\&quot;&gt;&lt;/div&gt;\n    &lt;script&gt;\n            var reviewsLightbox = new ReviewsLightbox(\&quot;DP_IMAGE_GALLERY_BUTTON\&quot;, \&quot;DESKTOP\&quot;);\n            reviewsLightbox.initializeForAsin(\&quot;B00BSNACII\&quot;); \n    &lt;/script&gt; \n&lt;/div&gt;\n&quot;}">
            <a href="javascript:void(0)" class="a-popover-trigger a-declarative">
            <i class="a-icon a-icon-popover"></i></a>
        </span>
    </div>
</div>




<script>
    P.when("jQuery").execute(function(jQuery) { 
        P.when("reviewsLightbox-js").execute(function() {
            jQuery("#DP_IMAGE_GALLERY_BUTTON_CONTAINER").find(".gallery-link").bind("click", function() {
                jQuery("#DP_IMAGE_GALLERY_BUTTON_CONTAINER").find(".a-popover-trigger").click();  
                P.when("reviewsLightbox-ready-DP_IMAGE_GALLERY_BUTTON").execute(function() {
                    jQuery("#DP_IMAGE_GALLERY_BUTTON").trigger("hideImmersiveView");
                });
            });
            
            jQuery("#DP_IMAGE_GALLERY_BUTTON_CONTAINER").find(".image-thumbnails").each(function(index) {
                jQuery(this).bind("click", function() {
                    jQuery("#DP_IMAGE_GALLERY_BUTTON_CONTAINER").find(".a-popover-trigger").click();  
                    P.when("reviewsLightbox-ready-DP_IMAGE_GALLERY_BUTTON").execute(function() {
                        jQuery("#DP_IMAGE_GALLERY_BUTTON").trigger("jumpToImageAtIndex", index);
                    });
                });
            });
        });
    });
</script>







      

      <div id="revMostRecent" class="a-section">
        





<div id="revMRRL" class="a-section">
  <h3 id="revMRT" class="a-spacing-small">
    Die neuesten Kundenrezensionen
  </h3> 
  


<div class="a-row a-spacing-base"><div class="a-icon-row a-spacing-none"><a class="a-link-normal a-text-normal" title="5.0 von 5 Sternen" href="http://www.amazon.de/product-reviews/B00BSNACII/ref=cm_cr_dp_synop/280-6066651-0896728?ie=UTF8&showViewpoints=0&sortBy=recent#R3JSYSMIDCTFUR"><i class="a-icon a-icon-star a-star-5"><span class="a-icon-alt">5.0 von 5 Sternen</span></i></a><span class="a-letter-space"></span><a class="a-link-normal a-text-normal a-color-base" title="Vollst&auml;ndige Rezension von Amazon Kunde lesen" href="http://www.amazon.de/product-reviews/B00BSNACII/ref=cm_cr_dp_synop/280-6066651-0896728?ie=UTF8&showViewpoints=0&sortBy=recent#R3JSYSMIDCTFUR"><span class="a-size-base a-text-bold">Aptamil 1 plus</span></a></div><a class="a-link-normal a-text-normal" title="Vollst&auml;ndige Rezension von Amazon Kunde lesen" href="http://www.amazon.de/product-reviews/B00BSNACII/ref=cm_cr_dp_synop/280-6066651-0896728?ie=UTF8&showViewpoints=0&sortBy=recent#R3JSYSMIDCTFUR">



  <p class="a-last">
    <span class="a-color-base">
      Good quality but low price and production date also is nearest by Amazon offer,if there is more stocks will be better.
    </span> 
    
  </p> 









<span class="a-size-small a-color-secondary">
  Vor 1 Monat von Amazon Kunde veröffentlicht
</span>
</a></div>
<div class="a-row a-spacing-base"><div class="a-icon-row a-spacing-none"><a class="a-link-normal a-text-normal" title="5.0 von 5 Sternen" href="http://www.amazon.de/product-reviews/B00BSNACII/ref=cm_cr_dp_synop/280-6066651-0896728?ie=UTF8&showViewpoints=0&sortBy=recent#R22UJ5M2KQC6T8"><i class="a-icon a-icon-star a-star-5"><span class="a-icon-alt">5.0 von 5 Sternen</span></i></a><span class="a-letter-space"></span><a class="a-link-normal a-text-normal a-color-base" title="Vollst&auml;ndige Rezension von Amazon Customer lesen" href="http://www.amazon.de/product-reviews/B00BSNACII/ref=cm_cr_dp_synop/280-6066651-0896728?ie=UTF8&showViewpoints=0&sortBy=recent#R22UJ5M2KQC6T8"><span class="a-size-base a-text-bold">Suitable milks for my baby</span></a></div><a class="a-link-normal a-text-normal" title="Vollst&auml;ndige Rezension von Amazon Customer lesen" href="http://www.amazon.de/product-reviews/B00BSNACII/ref=cm_cr_dp_synop/280-6066651-0896728?ie=UTF8&showViewpoints=0&sortBy=recent#R22UJ5M2KQC6T8">



  <p class="a-last">
    <span class="a-color-base">
      The nutrition of this formula is suitable for my babys,but there are property-purchasing limitations in this products.I would purchase this next times!
    </span> 
    
  </p> 









<span class="a-size-small a-color-secondary">
  Vor 1 Monat von Amazon Customer veröffentlicht
</span>
</a></div>
<div class="a-row a-spacing-base"><div class="a-icon-row a-spacing-none"><a class="a-link-normal a-text-normal" title="5.0 von 5 Sternen" href="http://www.amazon.de/product-reviews/B00BSNACII/ref=cm_cr_dp_synop/280-6066651-0896728?ie=UTF8&showViewpoints=0&sortBy=recent#RKU91SVLRAXVG"><i class="a-icon a-icon-star a-star-5"><span class="a-icon-alt">5.0 von 5 Sternen</span></i></a><span class="a-letter-space"></span><a class="a-link-normal a-text-normal a-color-base" title="Vollst&auml;ndige Rezension von Amazon Kunde lesen" href="http://www.amazon.de/product-reviews/B00BSNACII/ref=cm_cr_dp_synop/280-6066651-0896728?ie=UTF8&showViewpoints=0&sortBy=recent#RKU91SVLRAXVG"><span class="a-size-base a-text-bold">very good!</span></a></div><a class="a-link-normal a-text-normal" title="Vollst&auml;ndige Rezension von Amazon Kunde lesen" href="http://www.amazon.de/product-reviews/B00BSNACII/ref=cm_cr_dp_synop/280-6066651-0896728?ie=UTF8&showViewpoints=0&sortBy=recent#RKU91SVLRAXVG">



  <p class="a-last">
    <span class="a-color-base">
      very good! The package is finished.I will buy the item again if I required. I think it will be better
    </span> 
    
  </p> 









<span class="a-size-small a-color-secondary">
  Vor 1 Monat von Amazon Kunde veröffentlicht
</span>
</a></div>
<div class="a-row a-spacing-base"><div class="a-icon-row a-spacing-none"><a class="a-link-normal a-text-normal" title="5.0 von 5 Sternen" href="http://www.amazon.de/product-reviews/B00BSNACII/ref=cm_cr_dp_synop/280-6066651-0896728?ie=UTF8&showViewpoints=0&sortBy=recent#R25KJKTRFL9OOX"><i class="a-icon a-icon-star a-star-5"><span class="a-icon-alt">5.0 von 5 Sternen</span></i></a><span class="a-letter-space"></span><a class="a-link-normal a-text-normal a-color-base" title="Vollst&auml;ndige Rezension von Amazon Customer lesen" href="http://www.amazon.de/product-reviews/B00BSNACII/ref=cm_cr_dp_synop/280-6066651-0896728?ie=UTF8&showViewpoints=0&sortBy=recent#R25KJKTRFL9OOX"><span class="a-size-base a-text-bold">Very good!</span></a></div><a class="a-link-normal a-text-normal" title="Vollst&auml;ndige Rezension von Amazon Customer lesen" href="http://www.amazon.de/product-reviews/B00BSNACII/ref=cm_cr_dp_synop/280-6066651-0896728?ie=UTF8&showViewpoints=0&sortBy=recent#R25KJKTRFL9OOX">



  <p class="a-last">
    <span class="a-color-base">
      My son likes it very much. It's very delicious! No better milk than this! I would like to introduce it to my friend.
    </span> 
    
  </p> 









<span class="a-size-small a-color-secondary">
  Vor 1 Monat von Amazon Customer veröffentlicht
</span>
</a></div>
<div class="a-row a-spacing-base"><div class="a-icon-row a-spacing-none"><a class="a-link-normal a-text-normal" title="3.0 von 5 Sternen" href="http://www.amazon.de/product-reviews/B00BSNACII/ref=cm_cr_dp_synop/280-6066651-0896728?ie=UTF8&showViewpoints=0&sortBy=recent#R3LLZ6JE0Z5VZ"><i class="a-icon a-icon-star a-star-3"><span class="a-icon-alt">3.0 von 5 Sternen</span></i></a><span class="a-letter-space"></span><a class="a-link-normal a-text-normal a-color-base" title="Vollst&auml;ndige Rezension von Amazon Customer lesen" href="http://www.amazon.de/product-reviews/B00BSNACII/ref=cm_cr_dp_synop/280-6066651-0896728?ie=UTF8&showViewpoints=0&sortBy=recent#R3LLZ6JE0Z5VZ"><span class="a-size-base a-text-bold">One of the package has a tiny hole</span></a></div><a class="a-link-normal a-text-normal" title="Vollst&auml;ndige Rezension von Amazon Customer lesen" href="http://www.amazon.de/product-reviews/B00BSNACII/ref=cm_cr_dp_synop/280-6066651-0896728?ie=UTF8&showViewpoints=0&sortBy=recent#R3LLZ6JE0Z5VZ">



  <p class="a-last">
    <span class="a-color-base">
      One of the package has a hole. And leaked some powder inside the box. For my baby's health, I drop that package!
    </span> 
    
  </p> 









<span class="a-size-small a-color-secondary">
  Vor 1 Monat von Amazon Customer veröffentlicht
</span>
</a></div>
<div class="a-row a-spacing-base"><div class="a-icon-row a-spacing-none"><a class="a-link-normal a-text-normal" title="5.0 von 5 Sternen" href="http://www.amazon.de/product-reviews/B00BSNACII/ref=cm_cr_dp_synop/280-6066651-0896728?ie=UTF8&showViewpoints=0&sortBy=recent#R3RZKGL7YTKKIE"><i class="a-icon a-icon-star a-star-5"><span class="a-icon-alt">5.0 von 5 Sternen</span></i></a><span class="a-letter-space"></span><a class="a-link-normal a-text-normal a-color-base" title="Vollst&auml;ndige Rezension von hewen lesen" href="http://www.amazon.de/product-reviews/B00BSNACII/ref=cm_cr_dp_synop/280-6066651-0896728?ie=UTF8&showViewpoints=0&sortBy=recent#R3RZKGL7YTKKIE"><span class="a-size-base a-text-bold">&#24456;&#22909;</span></a></div><a class="a-link-normal a-text-normal" title="Vollst&auml;ndige Rezension von hewen lesen" href="http://www.amazon.de/product-reviews/B00BSNACII/ref=cm_cr_dp_synop/280-6066651-0896728?ie=UTF8&showViewpoints=0&sortBy=recent#R3RZKGL7YTKKIE">



  <p class="a-last">
    <span class="a-color-base">
      jmwtpg.am&#30171;&#26970;&#21679;&#26469;&#21679;&#20040;&#23567;&#23731;&#24555;&#20048;li&#8198;ga&#8198;ok&#8198;tuo&#8198;l&#8198;ji&#8198;h&#8198;qu&#8198;mo&#8198;de&#8198;k&#8198;l&#8198;k&#8198;li&#8198;h&#8198;kun&#8198;ne&#8198;l&#8198;lo&#8198;l
    </span> 
    
  </p> 









<span class="a-size-small a-color-secondary">
  Vor 1 Monat von hewen veröffentlicht
</span>
</a></div>
<div class="a-row a-spacing-base"><div class="a-icon-row a-spacing-none"><a class="a-link-normal a-text-normal" title="5.0 von 5 Sternen" href="http://www.amazon.de/product-reviews/B00BSNACII/ref=cm_cr_dp_synop/280-6066651-0896728?ie=UTF8&showViewpoints=0&sortBy=recent#R18VCWBIIOOSGQ"><i class="a-icon a-icon-star a-star-5"><span class="a-icon-alt">5.0 von 5 Sternen</span></i></a><span class="a-letter-space"></span><a class="a-link-normal a-text-normal a-color-base" title="Vollst&auml;ndige Rezension von Amazon Kunde lesen" href="http://www.amazon.de/product-reviews/B00BSNACII/ref=cm_cr_dp_synop/280-6066651-0896728?ie=UTF8&showViewpoints=0&sortBy=recent#R18VCWBIIOOSGQ"><span class="a-size-base a-text-bold">Received 2 bags. Kaifeng tomorrow for the baby to eat, want to point...</span></a></div><a class="a-link-normal a-text-normal" title="Vollst&auml;ndige Rezension von Amazon Kunde lesen" href="http://www.amazon.de/product-reviews/B00BSNACII/ref=cm_cr_dp_synop/280-6066651-0896728?ie=UTF8&showViewpoints=0&sortBy=recent#R18VCWBIIOOSGQ">



  <p class="a-last">
    <span class="a-color-base">
      Received 2 bags. Kaifeng tomorrow for the baby to eat, want to point out the Amazon, don't let other people buy, so worry
    </span> 
    
  </p> 









<span class="a-size-small a-color-secondary">
  Vor 2 Monaten von Amazon Kunde veröffentlicht
</span>
</a></div>
<div class="a-row a-spacing-base"><div class="a-icon-row a-spacing-none"><a class="a-link-normal a-text-normal" title="5.0 von 5 Sternen" href="http://www.amazon.de/product-reviews/B00BSNACII/ref=cm_cr_dp_synop/280-6066651-0896728?ie=UTF8&showViewpoints=0&sortBy=recent#RG5QJVSR0RMUR"><i class="a-icon a-icon-star a-star-5"><span class="a-icon-alt">5.0 von 5 Sternen</span></i></a><span class="a-letter-space"></span><a class="a-link-normal a-text-normal a-color-base" title="Vollst&auml;ndige Rezension von Yang Lingxian lesen" href="http://www.amazon.de/product-reviews/B00BSNACII/ref=cm_cr_dp_synop/280-6066651-0896728?ie=UTF8&showViewpoints=0&sortBy=recent#RG5QJVSR0RMUR"><span class="a-size-base a-text-bold">Very good!</span></a></div><a class="a-link-normal a-text-normal" title="Vollst&auml;ndige Rezension von Yang Lingxian lesen" href="http://www.amazon.de/product-reviews/B00BSNACII/ref=cm_cr_dp_synop/280-6066651-0896728?ie=UTF8&showViewpoints=0&sortBy=recent#RG5QJVSR0RMUR">



  <p class="a-last">
    <span class="a-color-base">
      My baby enjoy it.It's very good! I think I will buy more it again! Aptamil is suitable for my baby!
    </span> 
    
  </p> 









<span class="a-size-small a-color-secondary">
  Vor 3 Monaten von Yang Lingxian veröffentlicht
</span>
</a></div>
<div class="a-row a-spacing-base"><div class="a-icon-row a-spacing-none"><a class="a-link-normal a-text-normal" title="5.0 von 5 Sternen" href="http://www.amazon.de/product-reviews/B00BSNACII/ref=cm_cr_dp_synop/280-6066651-0896728?ie=UTF8&showViewpoints=0&sortBy=recent#R1QI7T4A38X3J6"><i class="a-icon a-icon-star a-star-5"><span class="a-icon-alt">5.0 von 5 Sternen</span></i></a><span class="a-letter-space"></span><a class="a-link-normal a-text-normal a-color-base" title="Vollst&auml;ndige Rezension von Amazon Customer lesen" href="http://www.amazon.de/product-reviews/B00BSNACII/ref=cm_cr_dp_synop/280-6066651-0896728?ie=UTF8&showViewpoints=0&sortBy=recent#R1QI7T4A38X3J6"><span class="a-size-base a-text-bold">very good service</span></a></div><a class="a-link-normal a-text-normal" title="Vollst&auml;ndige Rezension von Amazon Customer lesen" href="http://www.amazon.de/product-reviews/B00BSNACII/ref=cm_cr_dp_synop/280-6066651-0896728?ie=UTF8&showViewpoints=0&sortBy=recent#R1QI7T4A38X3J6">



  <p class="a-last">
    <span class="a-color-base">
      very good service, also convenient, Do not need to get to supermarket again and again. satisfied with my first buying experience in the net.
    </span> 
    
  </p> 









<span class="a-size-small a-color-secondary">
  Vor 3 Monaten von Amazon Customer veröffentlicht
</span>
</a></div>
<div class="a-row a-spacing-base"><div class="a-icon-row a-spacing-none"><a class="a-link-normal a-text-normal" title="5.0 von 5 Sternen" href="http://www.amazon.de/product-reviews/B00BSNACII/ref=cm_cr_dp_synop/280-6066651-0896728?ie=UTF8&showViewpoints=0&sortBy=recent#R1UQLZWPRNGDZ2"><i class="a-icon a-icon-star a-star-5"><span class="a-icon-alt">5.0 von 5 Sternen</span></i></a><span class="a-letter-space"></span><a class="a-link-normal a-text-normal a-color-base" title="Vollst&auml;ndige Rezension von Chenjilong FCUIJNB lesen" href="http://www.amazon.de/product-reviews/B00BSNACII/ref=cm_cr_dp_synop/280-6066651-0896728?ie=UTF8&showViewpoints=0&sortBy=recent#R1UQLZWPRNGDZ2"><span class="a-size-base a-text-bold">very good</span></a></div><a class="a-link-normal a-text-normal" title="Vollst&auml;ndige Rezension von Chenjilong FCUIJNB lesen" href="http://www.amazon.de/product-reviews/B00BSNACII/ref=cm_cr_dp_synop/280-6066651-0896728?ie=UTF8&showViewpoints=0&sortBy=recent#R1UQLZWPRNGDZ2">



  <p class="a-last">
    <span class="a-color-base">
      this baby milk is very good,my daughter very like it.I will always buy it from Amazon,hope it will cheaper in the future
    </span> 
    
  </p> 









<span class="a-size-small a-color-secondary">
  Vor 3 Monaten von Chenjilong FCUIJNB veröffentlicht
</span>
</a></div>











</div> 

      </div>

      <div id="revS" class="a-row">
        




<form id="revSearchForm" method="GET" action="http://www.amazon.de/product-reviews/B00BSNACII/ref=cm_cr_dp_srch/280-6066651-0896728">
  <label for="searchCustomerReviewsInput">
    Kundenrezensionen suchen
  </label>
  
  <div class="a-search"><i class="a-icon a-icon-search"></i><input type="search" id="searchCustomerReviewsInput" name="filterByKeyword" class="a-input-text a-width-medium"></div>
  
  <span id="searchCustomerReviewsButton" class="a-button a-button-search"><span class="a-button-inner"><input class="a-button-input" type="submit" aria-labelledby="searchCustomerReviewsButton-announce"><span id="searchCustomerReviewsButton-announce" class="a-button-text" aria-hidden="true">
    Suchen
  </span></span></span>
  
  <input type="hidden" name="search-alias" value="community-reviews">
  <input type="hidden" name="__mk_de_DE" value="ÅMÅŽÕÑ" />

</form>





      </div>
    </div>
  
  </div>
</div>


</div>
<script type="text/javascript">
var isAUI = typeof P === 'object' && typeof P.when === 'function';
  if(typeof setCSMReq == 'function') {
        setCSMReq('cf');
  }else {
     if(typeof uet == 'function') {
        uet('cf');
     }
     if(isAUI){
     	   P.trigger("cf");
     	}else{
     		amznJQ.completedStage('amznJQ.criticalFeature');
     	}
  }
</script>
 






<script type="text/javascript">


(window.AmazonUIPageJS ? AmazonUIPageJS : P).when('cf').execute(function() {
  (window.AmazonUIPageJS ? AmazonUIPageJS : P).load.js('http://z-ecx.images-amazon.com/images/I/21JRuXuhCVL._RC|117OlQ1SsZL.js,11BaHALkA9L.js_.js#AUIClients/HardlinesFeatureDetailPageMetaAsset');
});



  if(typeof P !== "undefined" && typeof P.when === "function"){
    P.when('cf').execute(function() {
          P.when('search-js-jq').execute(function(){});
  P.when('amazonShoveler').execute(function(){});
  P.when('simsJS').execute(function(){});
  P.when('cmuAnnotations').execute(function(){});
  P.when('externalJS.tagging').execute(function(){});
  P.when('amzn-ratings-bar').execute(function(){});
  P.when('accessoriesJS').execute(function(){});
  P.when('priceformatterJS').execute(function(){});
  P.when('CustomerPopover').execute(function(){});

    });
  }
</script>









<script type='text/javascript'>
    amznJQ.addLogical('immersiveView', ["http://z-ecx.images-amazon.com/images/G/01/browser-scripts/immersiveView/immersiveView-990982538._V1_.js"]);
</script>










<script>
  (window.AmazonUIPageJS ? AmazonUIPageJS : P).load.js('http://z-ecx.images-amazon.com/images/G/01/AUIClients/DetailPageImageBlockAssets-fd44c37b3916b6f49b10deeb8663ca4ebfd81c1c._V2_.js#AUIClients/DetailPageImageBlockAssets.min');
</script>


      

    
  






    
  























    
  










































































<script type="text/javascript">
P.when('jQuery', 'cf').execute(function($, cf){
  
});

P.when('A', 'jQuery', 'ImageBlockATF', 'cf').register('ImageBlockBTF', function(A, $, imageBlockATF, cf){
  var data = {"indexToColor":["initial"],"burjImageBlock":0,"isSwatchHoverConsistent":1,"heroFocalPoint":null,"visualDimensions":["size_name"],"productGroupID":"grocery_display_on_website","thumbnailLeftAlignmentEnabled":1,"newVideoMissing":0,"useIV":1,"useClickZoom":null,"fullScreenImmersiveView":0,"useChildVideos":1,"redesignedImmersiveView":0,"numColors":2,"logMetrics":1,"defaultColor":"initial","imgTagWrapperClasses":null,"showMagnifierOnHover":0,"airyConfig":{"enableContinuousPlay":0,"installFlashButtonText":"Flash Player installieren","contentTitle":null,"autoplayCutOffTimeSeconds":null,"cssUrl":"http://z-ecx.images-amazon.com/images/G/03/vap/video/airy2/prod/2.0.1351.0/css/beacon._CB301816267_.css","ageGate":{"monthNames":["Januar","Februar","März","April","Mai","Juni","Juli","August","September","Oktober","November","Dezember"],"deniedPrompt":"Es tut uns leid. Sie sind leider nicht alt genug, um dieses Video zu sehen.","submitText":"Senden","prompt":"Dieses Video ist nicht für alle Zielgruppen vorgesehen. Was ist Ihr Geburtsdatum?"},"videoAds":null,"videoUnsupportedPrompt":"Leider wird das Video auf diesem Browser nicht unterstützt.","desiredMode":null,"swfUrl":"http://g-ecx.images-amazon.com/images/G/03/vap/video/airy2/prod/2.0.1351.0/flash/AiryBasicRenderer._CB301816267_.swf","isAutoplayEnabled":null,"installFlashPrompt":"Zur Wiedergabe dieses Videos wird Adobe Flash Player benötigt.","isLiveStream":null,"regionCode":"EU","contentId":null,"playbackErrorPrompt":"Beim Versuch der Videowiedergabe ist ein Fehler aufgetreten. Bitte versuchen Sie es später noch einmal.","contentMinAge":null,"isForesterTrackingDisabled":null,"streamingUrls":null,"parentId":null,"foresterMetadataParams":{"client":"Dpx","requestId":"05RJQ27WRTNRY1YBHKCM","marketplaceId":"A1PA6795UKMFR9","session":"280-6066651-0896728","method":"Grocery.ImageBlock"},"jsUrl":"http://z-ecx.images-amazon.com/images/G/03/vap/video/airy2/prod/2.0.1351.0/js/airy.skin._CB301816266_.js"},"showBiggerImmersiveView":"","mainImageMaxSizes":null,"naturalMainImageSize":null,"isMultipleHeroImagesReady":0,"staticStrings":{"playVideo":"Zur Video-Wiedergabe klicken","rollOverToZoom":"Für größere Ansicht Maus über das Bild ziehen","images":"Bilder","video":"Video","clickToZoom":"Klicken Sie auf das Bild, um es zu vergrößern","touchToZoom":"Berühren Sie das Bild, um es zu vergrößern.","videos":"Videos","close":"Schließen","pleaseSelect":"Bitte wählen Sie","clickToExpand":"Für eine größere Ansicht klicken Sie auf das Bild","allMedia":"Alle Medien"},"notThumbnailClickImmersiveView":1,"gIsNewTwister":1,"title":"Aptamil Kinder-Milch 1+ ab dem 12. Monat, 600g","ivRepresentativeAsin":{"1":"B00BSNACII"},"useAltIngress":0,"mainImageSizes":[[342,445],[385,500],[425,550],[466,606],[522,679]],"switchDynImgDims":0,"views":["ImageBlockMagnifierView","ImageBlockAltImageView","ImageBlockVideoView","ImageBlockTwisterView","ImageBlockImmersiveView"],"isQuickview":0,"productTypeName":"GROCERY","ipadVideoSizes":[[340,444],[384,500]],"isSoftlinesEnhancedHoverZoom":null,"colorToAsin":{"4 x 600g":{"asin":"B00BSNACII"}},"thumbExperimentEnabledValue":1,"showLITBOnClick":0,"isSuperleaf":0,"videoSizes":[[342,445],[384,500]],"stretchyGoodnessWidth":[1280,1440,1640,1800],"autoplayVideo":0,"prioritizeVideos":null,"hoverZoomIndicator":"","sitbReftag":"","enhancedHoverOverlay":null,"useHoverZoom":1,"staticImages":{"zoomOut":"http://g-ecx.images-amazon.com/images/G/03/detail-page/cursors/zoom-out._CB184888341_.bmp","hoverZoomIcon":"http://g-ecx.images-amazon.com/images/G/03/img11/apparel/UX/DP/icon_zoom.png","zoomIn":"http://g-ecx.images-amazon.com/images/G/03/detail-page/cursors/zoom-in._CB184888321_.bmp","zoomLensBackground":"http://g-ecx.images-amazon.com/images/G/03/apparel/rcxgs/tile._CB211468455_.gif","videoThumbIcon":"http://g-ecx.images-amazon.com/images/G/03/Quarterdeck/en_US/images/video._CB140033762_SX38_SY50_CR,0,0,38,50_.jpg","spinner":"http://g-ecx.images-amazon.com/images/G/03/ui/loadIndicators/loading-large_labeled._CB186124316_.gif","zoomInCur":"http://g-ecx.images-amazon.com/images/G/03/detail-page/cursors/zoomIn.cur","videoSWFPath":"http://g-ecx.images-amazon.com/images/G/03/Quarterdeck/en_US/video/20110518115040892/Video._CB137425805_.swf","arrow":"http://g-ecx.images-amazon.com/images/G/03/javascripts/lib/popover/images/light/sprite-vertical-popover-arrow._CB186039208_.png","zoomOutCur":"http://g-ecx.images-amazon.com/images/G/03/detail-page/cursors/zoomOut.cur"},"videos":[],"isAUIPopoverEnabled":1,"gPreferChildVideos":1,"altsOnLeft":1,"useHoverZoomIpad":"","ivImageSetKeys":{"initial":0,"4 x 600g":"1"},"isUDP":1,"alwaysIncludeVideo":1,"widths":[1280,1440,1640,1800],"maxAlts":7,"useChromelessVideoPlayer":0,"mainImageHeightPartitions":null};
  data["customerImages"] = eval('[]');
  data["colorImages"] = {"4 x 600g":[{"large":"http://ecx.images-amazon.com/images/I/51Lfv-i-z6L.jpg","variant":"MAIN","hiRes":"http://ecx.images-amazon.com/images/I/71N6tuY0mHL._SL1225_.jpg","thumb":"http://ecx.images-amazon.com/images/I/51Lfv-i-z6L._SX38_SY50_CR,0,0,38,50_.jpg","main":{"http://ecx.images-amazon.com/images/I/71N6tuY0mHL._SY445_.jpg":["445","298"],"http://ecx.images-amazon.com/images/I/71N6tuY0mHL._SY500_.jpg":["500","335"],"http://ecx.images-amazon.com/images/I/71N6tuY0mHL._SY550_.jpg":["550","368"],"http://ecx.images-amazon.com/images/I/71N6tuY0mHL._SY606_.jpg":["606","406"],"http://ecx.images-amazon.com/images/I/71N6tuY0mHL._SY679_.jpg":["679","455"]}},{"large":"http://ecx.images-amazon.com/images/I/51chE6cO8LL.jpg","variant":"PT01","hiRes":"http://ecx.images-amazon.com/images/I/71r49Ps053L._SL1500_.jpg","thumb":"http://ecx.images-amazon.com/images/I/51chE6cO8LL._SX38_SY50_CR,0,0,38,50_.jpg","main":{"http://ecx.images-amazon.com/images/I/71r49Ps053L._SY500_.jpg":["500","270"],"http://ecx.images-amazon.com/images/I/71r49Ps053L._SY679_.jpg":["679","367"],"http://ecx.images-amazon.com/images/I/71r49Ps053L._SY550_.jpg":["550","297"],"http://ecx.images-amazon.com/images/I/71r49Ps053L._SY606_.jpg":["606","327"],"http://ecx.images-amazon.com/images/I/71r49Ps053L._SY445_.jpg":["445","240"]}}]};
  data["heroImage"] = {};
  data["landingAsinColor"] = '4 x 600g';
  data["shouldApplyResizeFix"] = false;

  return data;
});

</script>



<div class="a-popover-preload" id="a-popover-immersiveView">

<div id="ivMain">
    <div id="ivThumbColumn">
        <div id="ivTitle">
        </div>
        <div id="ivVariationSelection">
        </div>
        <div id="ivMediaSelection">
            <select id="ivMediaSelect">
            </select>
        </div>
        <div id='ivThumbs'>
            <div class="ivRow placeholder">
            </div>
            <span class='ivThumbVideoPopover placeholder'>
                <b class='ivVideoPopoverTitle'></b><br><span class='ivVideoPopoverDuration'></span>
            </span>
            <div class="ivThumb placeholder">
                <div class="ivThumbImage">
                </div>
            </div>
        </div>
        <div id='ivVideoList'>
            <div class="ivThumbVideoListOuter placeholder">
                <div class="ivThumbVideoList">
                    <div class="ivThumbImage">
                    </div>
                </div>
                <div class="ivThumbText">
                    <b class="ivThumbTitle"></b>
                    <span class="ivThumbDuration"></span>
                    <div class="ivClearfix">
                    </div>
                </div>
            </div>
        </div>
    </div>
    <div id="ivStage">
        <div id="ivLargeImage">
        </div>
        <div id="ivLargeVideo">
        </div>
    </div>
    <div class="ivClearfix">
    </div>
</div>

</div>



















    
    












<script>
(window.AmazonUIPageJS ? AmazonUIPageJS : P).when('atf').execute(function() {
  (window.AmazonUIPageJS ? AmazonUIPageJS : P).load.js('http://z-ecx.images-amazon.com/images/G/01/AUIClients/DetailPageTwisterAssets-218d10cf12bafab4f55797de5259d62f68f8e0a4._V2_.js#AUIClients/DetailPageTwisterAssets.min');
});
(window.AmazonUIPageJS ? AmazonUIPageJS : P).when('atf').execute(function() {
  (window.AmazonUIPageJS ? AmazonUIPageJS : P).load.js('http://z-ecx.images-amazon.com/images/G/01/AUIClients/AmazonPopoversAUIShim-e679ef37a66656fd4576766d831f2f8fbf2ded87._V2_.js#AUIClients/AmazonPopoversAUIShim.de.min');
});
</script>

<script language="JavaScript">
    window.isTwisterAUI = 1;
    window.DetailPage ={};
    window.gIsNewTwister = true;
    window.DetailPage.useTwisterJsInitFromDPXPartially = 1;
    P.register('twister-js-init-mason-data', function() {
       var dataToReturn = {"printConsoleLogs":0,"hoverMS":0,"dimensions":["size_name"],"prioritizeReqPrefetch":0,"prefetchRelatedAttrs":"{\"landingPrefetchState\":\"TRIGGER_ON_INTERACTION\",\"prefetchOtherReqDimensions\":0,\"performLandingAsinPrefetch\":0,\"performParentPrefetch\":0,\"performPrefetches\":1,\"performPartialPrefetch\":0}","current_asin":"B00BSNACII","prefetchCount":0,"newPrefetchWeblab":"","productGroupID":"grocery_display_on_website","displayConfigStylesData":{"vodd":{"selected":"voddSelect","invalid":"voddUnavailable","available":"voddAvailable"},"etdd":{"selected":"selected","invalid":"invalid","available":"available"},"dropdown":{"hidden":"dropdownHidden","selected":"dropdownSelect","invalid":"dropdownUnavailable","available":"dropdownAvailable"},"swatch":{"selected":"swatchSelect","invalid":"swatchUnavailable","available":"swatchAvailable"},"singleton":{"selected":"singletonSelect","invalid":"singletonSelect","available":"singletonSelect"}},"view":"glance","twisterAccessibilityCurrentSelection":"Your current selection is : ","isLoggingEnabled":0,"useMS":0,"dimToAsinMapData":{"0":"B00BSNACII"},"selected_variation_values":{"size_name":0},"unselectedDimCount":0,"loadingBarHtml2":"<table border=\"0\" width=\"100%\"> <tr>   <td align=\"center\" style=\"font-family: Tahoma, Arial, Helvetica, sans-serif;font-size:12px;\">Daten werden geladen...</td></tr> <tr> <td align=\"center\"><img src=\"http://g-ecx.images-amazon.com/images/G/03/x-locale/communities/tags/snake._CB192234769_.gif\" style=\"margin-left:-8px;\" /></td>  </tr></table>","measurement":{"cf":{"longPollImageTag":null,"count":2,"marker":"twister-cf-marker_feature_div","longPollHtmlTag":null},"atf":{"count":2,"marker":"twister-atf-marker_feature_div"}},"selected_variations":{"size_name":"4 x 600g"},"jqupgrade":0,"num_variation_dimensions":1,"prefetchFixWeblab":1,"dimensionValuesDisplayData":{"B00BSNACII":["4 x 600g"]},"hidePopover":1,"disableJsInteractions":0,"parent_asin":"B013USRV1E","rps":0,"variation_values":{"size_name":["4 x 600g"]},"deviceType":"web","keysToPopulateDetailPageStateController":["current_asin","parent_asin","productGroupID","storeID","unselectedDimCount","currentDimCombID","reactId","dimensionSelectionData","num_total_variations","num_variation_dimensions","rps","view","selected_variations","variation_values","selected_variation_values","asin_variation_values"],"num_total_variations":1,"showDimSecondUnavailablePopover":0,"twisterUpdateURLInfo":{"immutableURLPrefix":"/gp/twister/ajaxv2?sid=280-6066651-0896728&ptd=GROCERY&sCac=1&twisterView=glance&pgid=grocery_display_on_website&rid=05RJQ27WRTNRY1YBHKCM&dStr=size_name&auiAjax=1&json=1&dpxAjaxFlag=1&isUDPFlag=1&ee=2&merchantID=A3JWKAKR8XB7XF&nodeID=340846031&parentAsin=B013USRV1E&enPre=1&dcm=1&udpWeblabState=T2&storeID=grocery","immutableParams":{"sid":"280-6066651-0896728","ptd":"GROCERY","json":"1","dpxAjaxFlag":"1","sCac":"1","isUDPFlag":"1","twisterView":"glance","ee":"2","pgid":"grocery_display_on_website","merchantID":"A3JWKAKR8XB7XF","nodeID":"340846031","rid":"05RJQ27WRTNRY1YBHKCM","parentAsin":"B013USRV1E","enPre":"1","dcm":"1","udpWeblabState":"T2","dStr":"size_name","storeID":"grocery","auiAjax":"1"},"mutableParams":{}},"variationDisplayLabels":{"size_name":"Größe"},"twisterInitPrefetchMode":0,"productTypeName":"GROCERY","unavailablePopOverStringValue":"in der Auswahl nicht verfügbar","dimensionsDisplayType":["singleton"],"dimensionsDisplay":["Größe"],"dimensionSelectionData":[{"isSelected":1,"isRequired":0}],"dimensionValuesData":[["4 x 600g"]],"reactId":"0","use-early-twister-init":0,"deletedLandingAsinInfo":{},"isTablet":0,"asin_variation_values":{"B00BSNACII":{"size_name":"0","ASIN":"B00BSNACII"}},"contextMetaData":{"parent":{"mTypeSpecificURLParams":{},"elementList":[{"isPrefetchable":0,"divToUpdate":"twister-atf-marker_feature_div"},{"divToUpdate":"andon-cord-pulling_feature_div"},{"divToUpdate":"dvd-rental-badge_feature_div"},{"divToUpdate":"product-alert-grid_feature_div"},{"divToUpdate":"hero-quick-promo-grid_feature_div"},{"divToUpdate":"qpe-title-tag_feature_div"},{"loadingBar":1,"isPrefetchable":0,"divToUpdate":"buyxgety_feature_div"},{"loadingBar":1,"isPrefetchable":0,"divToUpdate":"purchase-similarities_feature_div"},{"divToUpdate":"dp-ads-center-promo-top_feature_div"},{"loadingBar":1,"divToUpdate":"promotions_feature_div"},{"divToUpdate":"view-dpv-rich-media_feature_div"},{"divToUpdate":"product-details_feature_div"},{"divToUpdate":"need-help-deciding_feature_div"},{"loadingBar":1,"isPrefetchable":0,"divToUpdate":"product-details-grid_feature_div"},{"loadingBar":1,"divToUpdate":"important-information_feature_div"},{"divToUpdate":"dpx-aplus-product-description_feature_div"},{"loadingBar":1,"divToUpdate":"cpsia-product-safety-warning_feature_div"},{"isPrefetchable":0,"divToUpdate":"dp-out-of-stock-top_feature_div"},{"loadingBar":1,"isPrefetchable":0,"divToUpdate":"dp-ads-middle_feature_div"},{"loadingBar":1,"isPrefetchable":0,"divToUpdate":"accessories-and-compatible-products_feature_div"},{"loadingBar":1,"divToUpdate":"conditional-probability_feature_div"},{"divToUpdate":"like-delayed-render_feature_div"},{"divToUpdate":"dp-ads-center-promo_feature_div"},{"loadingBar":1,"isPrefetchable":0,"divToUpdate":"ask-btf_feature_div"},{"loadingBar":1,"isPrefetchable":0,"divToUpdate":"customer-reviews_feature_div"},{"isPrefetchable":0,"divToUpdate":"twister-cf-marker_feature_div"},{"divToUpdate":"ld-notifier-widget_feature_div"},{"divToUpdate":"lazy-load-content_feature_div"},{"loadingBar":1,"divToUpdate":"browse_feature_div"},{"isPrefetchable":0,"divToUpdate":"twister-log-metrics_feature_div"},{"isPrefetchable":0,"divToUpdate":"dp-fast-track-logger_feature_div"}]},"master":{"mTypeSpecificURLParams":{}},"partial":{"mTypeSpecificURLParams":{}},"full":{"mTypeSpecificURLParams":{"psc":1},"elementList":[{"isPrefetchable":0,"divToUpdate":"twister-atf-marker_feature_div"},{"divToUpdate":"andon-cord-pulling_feature_div"},{"divToUpdate":"dvd-rental-badge_feature_div"},{"divToUpdate":"product-alert-grid_feature_div"},{"divToUpdate":"hero-quick-promo-grid_feature_div"},{"divToUpdate":"qpe-title-tag_feature_div"},{"loadingBar":1,"isPrefetchable":0,"divToUpdate":"buyxgety_feature_div"},{"loadingBar":1,"isPrefetchable":0,"divToUpdate":"purchase-similarities_feature_div"},{"divToUpdate":"dp-ads-center-promo-top_feature_div"},{"loadingBar":1,"divToUpdate":"promotions_feature_div"},{"divToUpdate":"view-dpv-rich-media_feature_div"},{"divToUpdate":"product-details_feature_div"},{"divToUpdate":"need-help-deciding_feature_div"},{"loadingBar":1,"isPrefetchable":0,"divToUpdate":"product-details-grid_feature_div"},{"loadingBar":1,"divToUpdate":"important-information_feature_div"},{"divToUpdate":"dpx-aplus-product-description_feature_div"},{"loadingBar":1,"divToUpdate":"cpsia-product-safety-warning_feature_div"},{"isPrefetchable":0,"divToUpdate":"dp-out-of-stock-top_feature_div"},{"loadingBar":1,"isPrefetchable":0,"divToUpdate":"dp-ads-middle_feature_div"},{"loadingBar":1,"isPrefetchable":0,"divToUpdate":"accessories-and-compatible-products_feature_div"},{"loadingBar":1,"divToUpdate":"conditional-probability_feature_div"},{"divToUpdate":"like-delayed-render_feature_div"},{"divToUpdate":"dp-ads-center-promo_feature_div"},{"loadingBar":1,"isPrefetchable":0,"divToUpdate":"ask-btf_feature_div"},{"loadingBar":1,"isPrefetchable":0,"divToUpdate":"customer-reviews_feature_div"},{"isPrefetchable":0,"divToUpdate":"twister-cf-marker_feature_div"},{"divToUpdate":"ld-notifier-widget_feature_div"},{"divToUpdate":"lazy-load-content_feature_div"},{"loadingBar":1,"divToUpdate":"browse_feature_div"},{"isPrefetchable":0,"divToUpdate":"twister-log-metrics_feature_div"},{"isPrefetchable":0,"divToUpdate":"dp-fast-track-logger_feature_div"}]}},"useBeaconizedEVDD":1,"loadingBarHtml":"<div style=\"display:inline;margin:10px;\"><span style=\"font-family: Tahoma,Arial,Helvetica,sans-serif;color:#000000;font-size: 12px; \">Daten werden geladen...<img src=\"http://g-ecx.images-amazon.com/images/G/03/x-locale/communities/tags/snake._CB192234769_.gif\" width=\"16\" height=\"16\" align=\"absmiddle\" style=\"display: inline\"></span></div>","currentDimCombID":"0","pageRefreshRefactor":"1","useVariationsOverlay":0,"asinToDimIndexMapData":{"B00BSNACII":["0"]},"twisterMarkImageLoad":1,"storeID":"grocery"};
       return dataToReturn;
    });
</script>









  
  
  
  
  
  
  
  
  











 
 
 








<style>
  #nav-prime-tooltip{
    padding: 0 20px 2px 20px;
    background-color: white;
    font-family: arial,sans-serif;
  }
  .nav-npt-text-title{
    font-family: arial,sans-serif;
    font-size: 18px;
    font-weight: bold;
    line-height: 21px;
    color: #E47923;
  }
  .nav-npt-text-detail, a.nav-npt-a{
    font-family: arial,sans-serif;
    font-size: 12px;
    line-height: 14px;
    color: #333333;
    margin: 2px 0px;
  }
  a.nav-npt-a {
    text-decoration: underline;
  }
</style>

<div  style="display: none">
  <div id="nav-prime-tooltip">
    <div class="nav-npt-text-title"> Testen Sie jetzt alle Amazon Prime-Vorteile </div>
    <div class="nav-npt-text-detail"> Prime-Mitglieder genießen Zugang zu gratis Premiumversand, tausenden Filmen und Serienepisoden mit Prime Video, über einer Million Songs mit Prime Music und vielem mehr. </div>
    <div class="nav-npt-text-detail">
      &gt;
      <a class="nav-npt-a" href="/gp/prime/ref=nav_tooltip_redirect/280-6066651-0896728">Jetzt testen</a>
    </div>
  </div>
</div>









<div style="display: none">
  <div id="nav-prime-menu" class="nav-empty nav-flyout-content nav-ajax-prime-menu">
    <div class="nav_dynamic"></div>
    <div class="nav-ajax-message"></div>
    <div class="nav-ajax-error-msg">
      <p class="nav_p nav-bold">Momentanes Problem beim Laden dieses Menüs.</p>
      <p class="nav_p"><a href="/gp/prime/ref=nav_prime_ajax_err/280-6066651-0896728" class="nav_a">Weitere Informationen über Amazon Prime.</a></p>
    </div>
  </div>
</div>






  <script type='text/javascript'>
      window.$Nav && $Nav.declare('config.prefetchUrls', ["https://images-eu.ssl-images-amazon.com/images/G/01/authportal/common/images/amznbtn-sprite03._CB395592492_.png","https://images-eu.ssl-images-amazon.com/images/G/03/authportal/common/images/amazon_logo_no-org_mid._CB143113074_.png","https://images-eu.ssl-images-amazon.com/images/G/03/authportal/flex/reduced-nav/ap-flex-reduced-nav-2.0._CB309248132_.js","https://images-eu.ssl-images-amazon.com/images/G/03/authportal/flex/reduced-nav/ap-flex-reduced-nav-2.1._CB343893857_.css","https://images-eu.ssl-images-amazon.com/images/G/03/gno/images/general/navAmazonLogoFooter._CB169459258_.gif","https://images-eu.ssl-images-amazon.com/images/G/03/x-locale/common/buttons/sign-in-secure._CB192194049_.gif","https://images-eu.ssl-images-amazon.com/images/G/03/x-locale/common/login/fwcim._CB342129235_.js","https://images-eu.ssl-images-amazon.com/images/G/03/x-locale/communities/social/snwicons_v2._CB402380168_.png","https://images-eu.ssl-images-amazon.com/images/G/03/x-locale/cs/help/images/spotlight/kindle-family-02b._CB369420141_.jpg","https://images-eu.ssl-images-amazon.com/images/G/03/x-locale/cs/orders/images/acorn._CB192558166_.gif","https://images-eu.ssl-images-amazon.com/images/G/03/x-locale/cs/orders/images/amazon-gc-100._CB192236811_.gif","https://images-eu.ssl-images-amazon.com/images/G/03/x-locale/cs/orders/images/amazon-gcs-100._CB192558166_.gif","https://images-eu.ssl-images-amazon.com/images/G/03/x-locale/cs/orders/images/btn-close._CB192558167_.gif","https://images-eu.ssl-images-amazon.com/images/G/03/x-locale/cs/projects/text-trace/texttrace_typ._CB353753409_.js","https://images-eu.ssl-images-amazon.com/images/G/03/x-locale/cs/ya/images/new-link._CB192235928_.gif","https://images-eu.ssl-images-amazon.com/images/G/03/x-locale/cs/ya/images/shipment_large_lt._CB192235641_.gif"]);
window.$Nav && $Nav.declare('config.prefetch',function() {
    var pUrls = window.$Nav.getNow('config.prefetchUrls');
    (window.AmazonUIPageJS ? AmazonUIPageJS : P).when('A').execute(function (A) { A.preload(pUrls); });
});

  /*  */
  
  __auiPreloadIndex = window.__auiPreloadIndex || 0;
  (window.AmazonUIPageJS ? AmazonUIPageJS : P).when('A').execute("auiPreloadJS_"+(++__auiPreloadIndex), function(A){
    A.preload('http://z-ecx.images-amazon.com/images/I/01YAhwn3AyL._RC|71RixZdXwXL.js,51hXuaB2fiL.js,01A18a0oAWL.js,31KWPx5AjmL.js,01wBjiz9OvL.js_.js#AUIClients/NavDesktopMetaAsset');
    A.preload('https://images-eu.ssl-images-amazon.com/images/I/01YAhwn3AyL._RC|71RixZdXwXL.js,51hXuaB2fiL.js,01A18a0oAWL.js,31KWPx5AjmL.js,01wBjiz9OvL.js_.js#AUIClients/NavDesktopMetaAsset');
  });
  (window.AmazonUIPageJS ? AmazonUIPageJS : P).when('A').execute("auiPreloadCSS_"+(++__auiPreloadIndex), function(A){
    A.preload('http://z-ecx.images-amazon.com/images/I/61cAIQsR7nL._RC|01h78L-cgLL.css,21e1xEhXt1L.css,118pQdz77VL.css_.css#AUIClients/NavDesktopMetaAsset');
    A.preload('https://images-eu.ssl-images-amazon.com/images/I/61cAIQsR7nL._RC|01h78L-cgLL.css,214FXNZASwL.css,118pQdz77VL.css_.css#AUIClients/NavDesktopMetaAsset');
  });



    window.$Nav && $Nav.declare('config.flyoutURL', "http://static.amazon.de/gp/navigation/flyouts/flyouts-D0fWUWRPaX7p3glRF44F2m8JJfdJWZCUaX4J01rD4ODjclVIGThDZndg7S2mFwJjLlAOwPzzjSS0L1MvguJlF_-kXPLj3Ug34kmfnzE-rQfp_Q-R3-_htDv_BZvv0Gd37GO_Orep43Vmcj5w0udMsJURfS5oru0f2c4wK6o90g08roY0tDe9IpQ6zpWqFje5Hd-HpOZLh8pY_v03DXnumKPI7ifW4Fxlisc1_qr0XQvmVn14l1R3yKT8n_DfGmXuTAhKowtB0YkayDtJf4zf9LBXQ5W_KZqotVrnnik0PMTr8efeC5cuyUw-IYJAM5akc1Pt4bNnYszEr5MiP1h6V9uLWJjDc9esvJm_9jW8XS5iyKZ8vHSqSrMdzobDdA7_lw9uRDMURKTpXNUKgVyHlF_Tvwvp4Tz2DoQ3njRUeQW5Nilxw--NxDAYoKr8ywQTxbqtCC_efaMN5VtRxpBrJiVYOus22B59BiQLzSK3SaaShDBkh-qkxYsmdWgBcTGnLdnMx40HbAyFhJhsbKQf7RTejGTUfCngsCE1SUEgzpOXIIosbVmf5Ulx21AjFNEWiR-j-KYHe2BOMQRFOi-9_QOc1ejxQUbaLvSUUiP9bQ4MzoGhPYz12iAUTAN4oe1ziAxWchBLtX8TUv8LdY3cl96vYNY5j3GHQB1E_Buxdv3w3KovBbI946eouzyPOW_mm_oFQSHfaQ0As5_yPFbpDw.js?ie=UTF8");
    window.$Nav && $Nav.declare('btf.lite');
    window.$Nav && $Nav.declare('btf.full');
    window.$Nav && $Nav.declare('btf.exists');
    (window.AmazonUIPageJS ? AmazonUIPageJS : P).register('navCF');
  </script>


<div id="ld-notifier-widget_feature_div">
</div>


<div id="pldn-referrer-tracker_feature_div">







</div>


<div id="smile-campaign_feature_div">
</div>


<div id="dp_bottom_lazy_lazy_load_div">


<div id="lazy-load-content_feature_div">

    




<script>
  (window.AmazonUIPageJS ? AmazonUIPageJS : P).load.js('http://z-ecx.images-amazon.com/images/G/01/AUIClients/DetailPageLazyLoadLibAssets-5e248ff38f5cfe623b72e1b4d40468dcd5bd6540._V2_.js#AUIClients/DetailPageLazyLoadLibAssets.min');
</script>


<script type="text/JavaScript">

     P.when("jQuery", "lazyLoadLib","ready").execute(function ($) {
            $('#dp_bottom_lazy_lazy_load_div').lazyLoadContent({
             threshold : 1200,
             url: "/gp/rcxll/dpview/B013USRV1E/280-6066651-0896728?ie=UTF8&childASIN=B00BSNACII&m=A3JWKAKR8XB7XF&requestID=05RJQ27WRTNRY1YBHKCM&useChild=1&useTwister=1&vi=zbottest",
             metrics : true,
             name : 'dp_bottom_lazy',
             cache : true
             }); 
     });
</script>
</div>
</div>










<div id="browse_feature_div">

 

    



<hr noshade="noshade" size="1" class="bucketDivider" />
<div class="bucket">
  <h2>Ähnliche Artikel finden</h2>
  




    <div class="disclaim">Größe: <strong>4 x 600g</strong></div>




    
  <div class="content">
  <ul>
   <li><a href="/Lebensmittel-Getr%C3%A4nke/b/ref=dp_brlad_entry/280-6066651-0896728?ie=UTF8&amp;node=340846031">Lebensmittel & Getränke</a> > <a href="/Babynahrung-Kindermilch-Beikost/b/ref=dp_brlad_entry/280-6066651-0896728?ie=UTF8&amp;node=358555031">Babynahrung</a> > <a href="/Milchnahrung-Babys/b/ref=dp_brlad_entry/280-6066651-0896728?ie=UTF8&amp;node=364603031">Milchnahrung</a> > <a href="/Kindermilch/b/ref=dp_brlad_entry/280-6066651-0896728?ie=UTF8&amp;node=1386609031">Kindermilch</a></li>
  </ul>
  </div>
</div>








</div>
<!--wlscci--><div align="left"><a name="legal-disclaimer"></a><b>Haftungsausschluss:</b> Obwohl wir uns stets um die Richtigkeit der Produktangaben auf unserer Internetseite bem&uuml;hen, kann es mitunter vorkommen, dass Hersteller ihr Zutatenverzeichnis &auml;ndern. Die Produktverpackung und zugeh&ouml;rigen Dokumente enthalten m&ouml;glicherweise Angaben, die &uuml;ber die auf unserer Internetseite gemachten Angaben hinausgehen und/oder sich von ihnen unterscheiden. S&auml;mtliche Produktangaben auf unserer Internetseite werden allein zu Informationszwecken bereitgestellt. Wir empfehlen Ihnen, sich nicht allein auf die Angaben zu verlassen, die auf unserer Internetseite angezeigt werden, sondern sich vor Gebrauch bzw. Verzehr der Ware stets auch sorgf&auml;ltig die Etiketten, Warnhinweise und Anleitungen durchzulesen, die mit der Ware geliefert werden. Sollten Sie Sicherheitsbedenken gleich welcher Art haben oder weitere Angaben zur Ware w&uuml;nschen, lesen Sie bitte sorgf&auml;ltig die Angaben auf den Etiketten und der Verpackung und wenden sich an den Hersteller. Die Angaben auf dieser Internetseite k&ouml;nnen eine fachkundige Auskunft Ihres Arztes, Apothekers oder einer anderen medizinischen Fachkraft nicht ersetzen. Bei Fragen zur Vertr&auml;glichkeit, zu Risiken oder Nebenwirkungen der Einnahme oder Anwendung des Produktes wenden Sie sich bitte an Ihren Arzt oder Apotheker. Unsere Beschreibungen und sonstigen Angaben zu den Waren dienen nicht dem Zweck der Diagnose, Behandlung, Heilung oder Vorbeugung einer Krankheit oder eines Gesundheitszustandes. Amazon.de haftet nicht f&uuml;r ungenaue oder unrichtige Produktangaben seitens der Hersteller oder sonstiger Dritter. Ihre gesetzlichen Anspr&uuml;che bleiben unber&uuml;hrt.
<br clear="all"/><br clear="all"/>
Amazon EU S.a.r.l. ist bio-zertifiziert nach EG-&Ouml;ko-Basisverordnung von der Kontrollstelle LU-BIO-04
</div>
            
            
    







 



<div id="merchant-help-links"><table border="0" width="100%" cellpadding="1" cellspacing="0" bgcolor="#999999">
<tr><td>
  
<table cellspacing="0" cellpadding="5" width="100%" bgcolor="#FFFFFF">
<tr>
<td valign="top" align="middle" width="33%" class="small">
  <a href="/gp/help/seller/privacy-policy.html/ref=ms_mhelp_prvst/280-6066651-0896728?ie=UTF8&amp;seller=A3JWKAKR8XB7XF">Datenschutzerklärung von Amazon.de</a>
</td>
<td valign="top" align="middle" width="34%" class="small">
  <a href="/gp/help/seller/shipping.html/ref=ms_mhelp_ship/280-6066651-0896728?ie=UTF8&amp;seller=A3JWKAKR8XB7XF">Versandbedingungen von Amazon.de</a>
</td>
<td valign="top" align="middle" width="33%" class="small">
  <a href="/gp/help/seller/returns.html/ref=ms_mhelp_return/280-6066651-0896728?ie=UTF8&amp;seller=A3JWKAKR8XB7XF">Umtausch- & Rücknahme bei Amazon.de</a>
</td>
</tr>
</table>

</td>
</tr>
</table>
<br /></div>











<table width="100%" align="center">





</table>

























    
















<style type="text/css">
.rhf-frame {
    display: none;
    min-width: 940px;
    position: relative;
}

.rhf-border {
    border: 1px solid #DDD;
    border-radius: 5px;
    padding: 0px 20px;
}

.rhf-header {
    color: #444;
    font-family: Arial;
    font-size: 20px;
    font-weight: normal;
    padding:10px 10px 3px 10px;
    text-align:left;
    white-space: nowrap;
}

#ybh-text-on {
    display: none;
}


.rhf-fresh-header {
    color: #444;
    font-family: Arial;
    font-size: 20px;
    font-weight: normal;
    white-space: nowrap;
}

.rvi-fresh-footer {
    background-color: rgba(0,0,0,.03);
    padding-left: 35px !important;
    padding-right: 35px !important;
    position: relative;
}

.rvi-fresh-container {
    height: 100px;
    overflow: hidden;
}

.rvi-fresh-container .rhf-RVIs {
    display: inline-block;
    position: relative;
}

.rvi-fresh-container .rhf-RVIs a img {
    box-sizing: border-box;
    vertical-align: middle;
}

.rvi-fresh-container .rhf-faceout-hue {
    background-color: rgba(0,0,0,.03);
    position: absolute;
    left: 0px;
    top: 0px;
    right: 0px;
    bottom: 0px;
    z-index: 100;
}

.ybh-fresh-link a {
    text-decoration: none !important;
}

.ybh-fresh-link {
    color: black !important;
    text-decoration: none !important;
}

.ybh-fresh-link-arrow {
    font-size: 16px;
    vertical-align: bottom;
}


.rhf-loading-outer {
    height: 248px;
    overflow: hidden;
    position: relative;
    margin-top: 10px;
    width: 100% !important;
}
.rhf-loading-outer[class] {
    display: table;
    position: static;
}
.rhf-loading-middle {
    height: 100%;
    width: 100% !important;
}
.rhf-loading-inner {
    text-align: center;
    vertical-align: middle;
}

#rhf-shoveler {
    color: black;
    padding: 10px;
}

.rhf-source-title {
    color: black;
    font-size: 15px;
    font-weight: normal;
}

.rhf-footer {
    padding-bottom: 14px;
}

.rvi-container {
    height: 75px;
    line-height: 75px;
    overflow: hidden;
    padding: 0 10px;
    position: relative;
}

.rvi-container .you-viewed {
    display: inline-block;
    line-height: 13px;
    margin-right: 3px;
    text-align: right;
    width: 45px;        /* this value is overridden in some locales */
    vertical-align: middle;
}

.rvi-container .you-viewed-divider {
    border-left: 1px solid #ddd;
    display: inline-block;
    height: 50px;
    margin-left: 10px;
    vertical-align: middle;
}

#rhf .rhf-border a {
    text-decoration: none;
    color: #004B91;
}

#rhf .rhf-border a:hover {
    color: #E47911;
}

.rvi-container .you-viewed,
.rvi-container #ybh-text-on,
.rvi-container #ybh-text-off,
.rvi-container #ybh-link,
.rhf-sign-in-button {
    color: black;
    font-family: Arial;
    font-size: 13px;
}

.rvi-container #ybh-text-on,
.rvi-container #ybh-text-off {
    padding-left: 40px;
    padding-right: 10px;
}

.rvi-container #ybh-text-on {
    display: none;
}

.rhf-sign-in-tooltip-new-customer {
    font-family: Arial;
    font-size: 11px;
}

.rhf-footer .ybh-edit {
    float: right;
    margin-top: 18px;
    padding-left: 40px;
    padding-right: 10px;
}

.ybh-edit .ybh-edit-arrow,
.ybh-edit .ybh-edit-link {
    display: inline-block;
    font-family: Arial;
    font-weight: bold;
    line-height: 11px;
    vertical-align: top;
}

.ybh-edit .ybh-edit-arrow {
    color: rgb(204, 153, 0);
    font-size: 11px;
    margin-top: -2px;
    padding-right: 8px;
}

.ybh-edit .ybh-edit-link {
    font-size: 10px;
    width: 80px;
}

#rhf a:hover .title,
#rhf a:active .title {
    text-decoration: underline;
}

.rhf-state-signin {
    margin-top: 19px;
    margin-bottom: 17px;
}

.rhf-sign-in-button-box {
    float: right;
    border-left: 1px solid #ddd;
    margin-right: -30px;
    text-align: center;
    white-space: nowrap;
}

.rhf-sign-in-button {
    border: 0;
    line-height: 15px;
    margin: 0;
    padding-left: 20px;
    padding-right: 20px;
}

.rhf-sign-in-button .action-button,
.rhf-sign-in-button a.action-button:hover,
.rhf-sign-in-button a.action-button:link,
.rhf-sign-in-button a.action-button:active {
    max-width: 230px;
    text-decoration: none;
    margin-bottom: 5px;
    margin-top: 5px;
    width: 230px;
    display:block;
    background-position: -10px -170px;
    background-image: url("http://g-ecx.images-amazon.com/images/G/03/gno/beacon/BeaconSprite-DE-01._CB147913157_.png");
}


.rhf-sign-in-button .action-inner,
a.action-button:link .action-inner,
a.action-button:active .action-inner,
a.action-button:hover .action-inner,
a.action-button:visited .action-inner {
    cursor: pointer;
    background-position: right -170px;
    display: block;
    height: 28px;
    position: relative;
    color: black;
    font-size: 12px;
    line-height: 28px;
    text-align: center;
    font-family: "arial","sans-serif";
    font-weight: bold;
    text-decoration: none;
    text-shadow: 0px 1px 0px #ffe093;
}

.rvi-container .no-rvi-message {
    color: black;
    float: left;
    font-size: 13px;
    font-style: italic;
}

.rhf-divider {
    border-top: 1px solid #DDD;
    height: 23px;
    margin-bottom: -6px;
    background: -moz-linear-gradient(top,#ddd,#f7f7f7 3px,white);
    background: -webkit-gradient(linear,left top,left bottom,color-stop(0%,#ddd),color-stop(3px,#f7f7f7),color-stop(100%,white));
    background: -webkit-linear-gradient(top,#ddd,#f7f7f7 3px,white);
    background: -o-linear-gradient(top,#ddd,#f7f7f7 3px,white);
    background: -ms-linear-gradient(top,#ddd,#f7f7f7 3px,white);
    background: linear-gradient(top,#ddd,#f7f7f7 3px,white);
    filter: none;
    z-index: 0;
    zoom: 1;
}

.rhf-divider:after {
    display: block;
    width: 100%;
    height: 44px;
    background-color: transparent;
    background: -moz-linear-gradient(left,white,rgba(255,255,255,0),white);
    background: -webkit-gradient(linear,left top,right top,color-stop(0%,white),color-stop(50%,rgba(255,255,255,0)),color-stop(100%,white));
    background: -webkit-linear-gradient(left,white,rgba(255,255,255,0),white);
    background: -o-linear-gradient(left,white,rgba(255,255,255,0),white);
    background: -ms-linear-gradient(left,white,rgba(255,255,255,0),white);
    background: linear-gradient(left,white,rgba(255,255,255,0),white);
    filter: none;
    z-index: 1;
    content: "";
}

.rvi-container #ybh-link a {
    cursor: pointer;
    font-size: 13px;
}

.rvi-container .rhf-RVIs {
    display: inline-block;
    padding: 0px 10px 0px 10px;
    vertical-align: middle;
}

.rvi-container .rhf-RVIs a img {
    border: 1px solid #DDD;
    box-sizing: border-box;
    -moz-box-sizing: border-box; /* FireFox */
    -webkit-box-sizing: border-box; /* Safari */
    vertical-align: middle;
}

.rvi-container .rhf-RVIs a:hover img {
    border: 2px solid #E47911;
}

#rhf-container #rhf-recs-down-text {
    padding-top: 13px;
    font-size: 16px;
    line-height: 26px;
}

#rhf-container #rhfNoRecsMessage {
    color: #666666;
    font-size: 13px;
    font-family: Arial;
}

* html .rhf {
    height:1%;
}

 /* spacing for 'You Viewed' string next to RVI */
.rvi-container .you-viewed {
   width: 70px !important;
}







</style><br />
<div id="rhf" class="copilot-secure-display" style="clear:both" role="complementary" aria-label="Ihre zuletzt angesehenen Artikel und besonderen Empfehlungen">

    <div class="rhf-frame">
        <div id="rhf-container">





<div class='rhf-loading-outer'>
    <table class='rhf-loading-middle'>
    <tr>
        <td class='rhf-loading-inner'>
            <img src="http://g-ecx.images-amazon.com/images/G/03/personalization/ybh/loading-4x-gray._CB317976236_.gif" />
        </td>
    </tr>
    </table>
</div>






<script type="text/JavaScript">
(function () {
    "use strict";

    var P = (window.AmazonUIPageJS ? AmazonUIPageJS : window.P);

    var enableYBHLink = function() {
        P.when('p13n-sc-jQuery').execute(function($) {
            $("#ybh-link").click(function() {
                $.ajax({
                      url: '/gp/recent-history-footer/external/ybh-handler.html/280-6066651-0896728',
                      type: "POST",
                      timeout: 2000,
                      data: {
                           parentSession    : '280-6066651-0896728',
                           relatedRequestId : '05RJQ27WRTNRY1YBHKCM',
                           currentPageType  : 'Detail'
                      },
                      dataType: "text",
                      success: function (data, status) {
                           $("#ybh-link").hide();
                           $("#ybh-text-off").hide();
                           $("#ybh-text-on").show();
                      }
                });
            });
        });
    };

    var lazyLoadRHF = function($) {

        // add triggering callBack function if page is part of the experiment (RHF on YA)
        if ('' != ""){
           $.ajax({
               url: '/gp/recent-history-footer/external/rhf-ya-trigger.html/280-6066651-0896728',
               type: "POST",
               data: {
                   relatedRequestId : '05RJQ27WRTNRY1YBHKCM'
               },
               dataType: "json"
          });
        }

        // do not load rhf if in control
        if ('1' == 0){
            return 1;
        }

        var loadCarousel = function(html) {
            P.when('p13n-sc-carousel-init', 'rhf-container')
             .execute(function(carouselInitializer, rhfContainer) {
                rhfContainer.html(html);
                carouselInitializer.init(rhfContainer);
                enableYBHLink();
            });
        };

        var handleSuccess = function(data) {
            if (typeof(data) === 'object' && data.success && data.html) {
                loadCarousel(data.html);
            } else {
                handleError();
            }
        };

        var handleError = function() {
            P.when('rhf-container', 'rhf-error')
             .execute(function(rhfContainer, rhfError) {
                rhfContainer.hide();
                rhfError.show();
            });
        };

        $.ajax({
            url: '/gp/recent-history-footer/external/rhf-handler.html/280-6066651-0896728',
            type: "POST",
            timeout: 5000,
            data: {
                             isAUI : (typeof window.P === 'object' && window.P.AUI_BUILD_DATE) ? 1 : 0,
                     parentSession : '280-6066651-0896728',
                  relatedRequestId : '05RJQ27WRTNRY1YBHKCM',
                   currentPageType : 'Detail',
                currentSubPageType : 'Glance',
                       excludeASIN : 'QjAwQlNOQUNJSQ==',
                          auiDebug : '',
                          rviAsins : '',
                          rhfState : '',
                          rhfAsins : '',
                       noP13NCache : '',
                         recsAsins : '',
                        customerID : '',
                   testRecsFailure : '',
                    weblabTriggers : '',
           contextMetadataOverride : ''
            },
            dataType: "json",
            success: function (data, status) {
                handleSuccess(data);
            },
            error: function (xhr, status) {
                handleError();
            }
        });

    };

    P.when('p13n-sc-jQuery').execute(function($) {
        P.declare('rhf-container', $("#rhf-container"));
        P.declare('rhf-error', $("#rhf-error"));
        P.declare('rhf-frame', $(".rhf-frame"));
        P.declare('rhf-head', $("#rhf"));
    });

    P.when('p13n-sc-jQuery', 'rhf-container', 'rhf-frame',
            'p13n-sc-call-on-visible', 'p13n-sc-carousel-init','rhf-head')
     .execute(function($, rhfContainer, rhfFrame, callOnVisible, carouselInitializer, rhf) {
	if (1 == 1){
	    rhfFrame.show();
        }
        callOnVisible.register(rhf, function () { lazyLoadRHF($); }, { distance: '-400' });
    });

})();
</script>

</div><noscript>

<div class="rhf-border">

    <div class="rhf-header">Ihre zuletzt angesehenen Artikel und besonderen Empfehlungen</div>

<div class="rhf-footer">
    <div class="rvi-container">

<div class="ybh-edit">
    <div class="ybh-edit-arrow"> &#8250; </div>
    <div class="ybh-edit-link"><a href="https://www.amazon.de/gp/yourstore/pym/ref=pd_pyml_rhf/280-6066651-0896728">Browserverlauf anzeigen oder ändern</a></div>
</div>
        <span class="no-rvi-message">Nachdem Sie Produktseiten oder Suchergebnisse angesehen haben, finden Sie hier eine einfache Möglichkeit, diese Seiten wiederzufinden.</span>
    </div>
</div>
</div>
</noscript><div id="rhf-error" style="display:none;">

<div class="rhf-border">

    <div class="rhf-header">Ihre zuletzt angesehenen Artikel und besonderen Empfehlungen</div>

<div class="rhf-footer">
    <div class="rvi-container">

<div class="ybh-edit">
    <div class="ybh-edit-arrow"> &#8250; </div>
    <div class="ybh-edit-link"><a href="https://www.amazon.de/gp/yourstore/pym/ref=pd_pyml_rhf/280-6066651-0896728">Browserverlauf anzeigen oder ändern</a></div>
</div>
        <span class="no-rvi-message">Nachdem Sie Produktseiten oder Suchergebnisse angesehen haben, finden Sie hier eine einfache Möglichkeit, diese Seiten wiederzufinden.</span>
    </div>
</div>
</div>
</div>
    </div>
</div>
<br />






















<div id='navFooter'><a href="#nav-top" id="navBackToTop"><div class="navFooterBackToTop"><span class="navFooterBackToTopText">Zurück zum Seitenanfang</span></div></a>

<table class="navFooterVerticalColumn" cellspacing="0" align="center" role="presentation"><tr><td class="navFooterLinkCol"><div class="navFooterColHead">Über uns</div><ul><li class='nav_first'><a href='/b/ref=footer_careers/280-6066651-0896728?ie=UTF8&amp;node=202588011' class='nav_a'>Karriere bei Amazon</a></li><li><a href='http://www.amazon-presse.de/' class='nav_a'>Pressemitteilungen</a></li><li><a href='/unser-Planet/b/ref=footer_corpres/280-6066651-0896728?ie=UTF8&amp;node=305522031' class='nav_a'>Amazon und unser Planet</a></li><li><a href='/b/ref=footer_community/280-6066651-0896728?ie=UTF8&amp;node=2616664031' class='nav_a'>Amazon gemeinsam</a></li><li><a href='/gp/feature.html/280-6066651-0896728?ie=UTF8&amp;docId=1000746243' class='nav_a'>Amazon Storys</a></li><li><a href='http://www.amazon-logistikblog.de/' class='nav_a'>Amazon Logistikblog</a></li><li class='nav_last'><a href='/b/ref=nav_legal/280-6066651-0896728?ie=UTF8&amp;node=505050' class='nav_a'>Impressum</a></li></ul></td><td class="navFooterColSpacerInner"></td><td class="navFooterLinkCol"><div class="navFooterColHead">Geld verdienen mit Amazon</div><ul><li class='nav_first'><a href='https://services.amazon.de/programme/online-verkaufen/so-funktionierts-pro?ld=AZDESOAFooter' class='nav_a'>Jetzt verkaufen</a></li><li><a href='https://partnernet.amazon.de' class='nav_a'>Partnerprogramm</a></li><li><a href='https://services.amazon.de/programme/versand-durch-amazon/merkmale-und-vorteile/?ld=AZDEFBAFooter' class='nav_a'>Versand durch Amazon</a></li><li><a href='https://services.amazon.de/programme/gesponserte-produkte/so-funktionierts.html/ref=AMZfooter_DE_SP?ld=AZDESPFooter' class='nav_a'>Bewerben Sie Ihre Produkte</a></li><li><a href='https://kdp.amazon.com/help?topicId=A32I2OF1510VZV&amp;language=de_DE' class='nav_a'>Ihr Buch mit uns veröffentlichen</a></li><li><a href='https://payments.amazon.de?ld=AWREDEAPAFooter' class='nav_a'>Login und Bezahlen mit Amazon</a></li><li><a href='http://www.amazon.de/b/?node=8670625031&amp;ref=ve_track_rw_footer' class='nav_a'>Werden Sie ein Amazon-Lieferant</a></li><li class='nav_last nav_a_carat'><span class="nav_a_carat">&rsaquo;</span><a href='/gp/seller-account/mm-landing.html/ref=footer_seeall/280-6066651-0896728?ie=UTF8&amp;topic=200330420' class='nav_a'>Alle anzeigen</a></li></ul></td><td class="navFooterColSpacerInner"></td><td class="navFooterLinkCol"><div class="navFooterColHead">Amazon Zahlungsarten</div><ul><li class='nav_first'><a href='/gp/cobrandcard/marketing.html/ref=footer_cbcc/280-6066651-0896728?ie=UTF8&amp;ad=DECBFOOT&amp;flavor=DECB3ST&amp;inc=10stmt&amp;place=enum&amp;plattr=DECBFOOT&amp;pr=con' class='nav_a'>Amazon.de VISA Karte</a></li><li><a href='/gp/help/customer/display.html/ref=footer_kreditkarten/280-6066651-0896728?ie=UTF8&amp;nodeId=504930' class='nav_a'>Kreditkarten</a></li><li><a href='/Geschenkgutscheine/b/ref=footer_giftcards/280-6066651-0896728?ie=UTF8&amp;node=1571256031' class='nav_a'>Gutscheine</a></li><li><a href='/gp/help/customer/display.html/ref=footer_rechnung/280-6066651-0896728?ie=UTF8&amp;nodeId=915628' class='nav_a'>Rechnung</a></li><li><a href='/gp/help/customer/display.html/ref=footer_bankeinzug/280-6066651-0896728?ie=UTF8&amp;nodeId=504928' class='nav_a'>Bankeinzug</a></li><li><a href='/gp/help/customer/display.html/ref=footer_tfx/280-6066651-0896728?ie=UTF8&amp;nodeId=200219670' class='nav_a'>Amazon Currency Converter</a></li><li class='nav_last'><a href='/gp/gc/create/ref=footer_topup_de/280-6066651-0896728' class='nav_a'>Mein Amazon-Konto aufladen</a></li></ul></td><td class="navFooterColSpacerInner"></td><td class="navFooterLinkCol"><div class="navFooterColHead">Wir helfen Ihnen</div><ul><li class='nav_first'><a href='/gp/css/order-history/ref=footer_hp_ss_comp_tmp/280-6066651-0896728' class='nav_a'>Lieferung verfolgen oder Bestellung anzeigen</a></li><li><a href='/gp/help/customer/display.html/ref=footer_shiprates/280-6066651-0896728?ie=UTF8&amp;nodeId=504938' class='nav_a'>Versand & Verfügbarkeit</a></li><li><a href='/gp/subs/primeclub/signup/main.html/ref=footer_prime/280-6066651-0896728' class='nav_a'>Amazon Prime</a></li><li><a href='/gp/css/returns/homepage.html/ref=hy_f_4/280-6066651-0896728' class='nav_a'>Rückgabe & Ersatz</a></li><li><a href='/gp/digital/fiona/manage/ref=footer_myk/280-6066651-0896728' class='nav_a'>Meine Inhalte und Geräte</a></li><li><a href='/b/ref=footer_mobapp/280-6066651-0896728?ie=UTF8&amp;node=4951330031' class='nav_a'>Amazon App</a></li><li><a href='/gp/BIT/ref=bit_v2_e0002?bitCampaignCode=e0002' class='nav_a'>Amazon Assistant</a></li><li class='nav_last'><a href='/gp/help/customer/display.html/ref=gw_m_b_he/280-6066651-0896728?ie=UTF8&amp;nodeId=504874' class='nav_a'>Hilfe</a></li></ul></td></tr></table>

<div class="navFooterLine navFooterLogoLine"><a href="/ref=footer_logo/280-6066651-0896728"><img src="http://g-ecx.images-amazon.com/images/G/03/gno/images/general/navAmazonLogoFooter._CB169459258_.gif" alt="amazon.de" width="113" height="28" /></a></div>

<div class="navFooterLine navFooterLinkLine navFooterPadItemLine "><ul><li class='nav_first'><a href='http://www.amazon.com.au' class='nav_a'>Australien</a></li><li><a href='http://www.amazon.com.br' class='nav_a'>Brasilien</a></li><li><a href='http://www.amazon.cn/' class='nav_a'>China</a></li><li><a href='http://www.amazon.fr/' class='nav_a'>Frankreich</a></li><li><a href='http://www.amazon.co.uk/' class='nav_a'>Großbritannien</a></li><li><a href='http://www.amazon.in/' class='nav_a'>Indien</a></li><li><a href='http://www.amazon.it/' class='nav_a'>Italien</a></li><li><a href='http://www.amazon.co.jp/' class='nav_a'>Japan</a></li><li><a href='http://www.amazon.ca/' class='nav_a'>Kanada</a></li><li><a href='http://www.amazon.com.mx/' class='nav_a'>Mexiko</a></li><li><a href='http://www.amazon.nl/' class='nav_a'>Niederlande</a></li><li><a href='http://www.amazon.at/' class='nav_a'>Österreich</a></li><li><a href='http://www.amazon.es/' class='nav_a'>Spanien</a></li><li class='nav_last'><a href='http://www.amazon.com/' class='nav_a'>USA</a></li></ul></div>

<div class="navFooterLine navFooterLinkLine navFooterDescLine"><table class="navFooterMoreOnAmazon" cellspacing="0"><tr>
<td class="navFooterDescSpacer" style="width: 42.0%"></td>
<td class="navFooterDescItem"><a href='http://www.abebooks.de' class='nav_a'>AbeBooks<br/> <span class="navFooterDescText">Antiquarische<br/> & gebrauchte Bücher</span></a></td>
<td class="navFooterDescSpacer" style="width: 4%"></td>
<td class="navFooterDescItem"><a href='http://de.buyvip.com' class='nav_a'>Amazon BuyVIP<br/> <span class="navFooterDescText">Shopping Club<br/> für Mode</span></a></td>
<td class="navFooterDescSpacer" style="width: 4%"></td>
<td class="navFooterDescItem"><a href='http://aws.amazon.com/de/?sc_channel=el&amp;sc_campaign=deamazonfooter&amp;sc_publisher=de_amazon&amp;sc_medium=footer&amp;sc_content=&amp;sc_category=AWS_cloud_computing&amp;TRK=EL_de_amazon_footer' class='nav_a'>Amazon Web Services<br/> <span class="navFooterDescText">Cloud Computing Dienste<br/> von Amazon</span></a></td>
<td class="navFooterDescSpacer" style="width: 4%"></td>
<td class="navFooterDescItem"><a href='http://www.audible.de' class='nav_a'>Audible<br/> <span class="navFooterDescText">Hörbücher<br/> herunterladen</span></a></td>
<td class="navFooterDescSpacer" style="width: 4%"></td>
<td class="navFooterDescItem"><a href='http://www.bookdepository.com/' class='nav_a'>Book Depository<br/> <span class="navFooterDescText">Bücher mit kostenfreier<br/> Lieferung weltweit</span></a></td>
<td class="navFooterDescSpacer" style="width: 42.0%"></td>
</tr>
<tr><td>&nbsp;</td></tr>
<tr>
<td class="navFooterDescSpacer" style="width: 42.0%"></td>
<td class="navFooterDescItem"><a href='https://www.createspace.com/pub/l/diy_de.do' class='nav_a'>CreateSpace<br/> <span class="navFooterDescText">Ihr Buch als gedruckte<br/> Version veröffentlichen</span></a></td>
<td class="navFooterDescSpacer" style="width: 4%"></td>
<td class="navFooterDescItem"><a href='http://www.imdb.de/' class='nav_a'>IMDb<br/> <span class="navFooterDescText">Filme, TV<br/> & Stars</span></a></td>
<td class="navFooterDescSpacer" style="width: 4%"></td>
<td class="navFooterDescItem"><a href='http://kdp.amazon.de' class='nav_a'>Kindle Direct Publishing<br/> <span class="navFooterDescText">Ihr E-Book<br/> veröffentlichen</span></a></td>
<td class="navFooterDescSpacer" style="width: 4%"></td>
<td class="navFooterDescItem"><a href='http://www.myhabit.com/' class='nav_a'>MYHABIT<br/> <span class="navFooterDescText">Private Modeschöpfer<br/> Verkäufe</span></a></td>
<td class="navFooterDescSpacer" style="width: 4%"></td>
<td class="navFooterDescItem"><a href='http://www.shopbop.com/de/welcome' class='nav_a'>Shopbop<br/> <span class="navFooterDescText">Designer<br/> Modemarken</span></a></td>
<td class="navFooterDescSpacer" style="width: 42.0%"></td>
</tr>
<tr><td>&nbsp;</td></tr>
<tr>
<td class="navFooterDescSpacer" style="width: 42.0%"></td>
<td class="navFooterDescItem">&nbsp;</td>
<td class="navFooterDescSpacer" style="width: 4%"></td>
<td class="navFooterDescItem"><a href='/b/ref=footer_wrhsdls/280-6066651-0896728?ie=UTF8&amp;node=3581963031' class='nav_a'>Warehouse Deals<br/> <span class="navFooterDescText">Reduzierte B-Ware</span></a></td>
<td class="navFooterDescSpacer" style="width: 4%"></td>
<td class="navFooterDescItem"><a href='http://www.zvab.com/index.do?ref=amazon&amp;utm_medium=referral&amp;utm_source=amazon.de' class='nav_a'>ZVAB<br/> <span class="navFooterDescText">Zentrales Verzeichnis<br/> Antiquarischer Bücher</span></a></td>
<td class="navFooterDescSpacer" style="width: 4%"></td>
<td class="navFooterDescItem"><a href='/lovefilm/ref=nav_footer_lovefilm/280-6066651-0896728' class='nav_a'>LOVEFiLM<br/> <span class="navFooterDescText">DVD & Blu-ray<br/> Verleih per Post</span></a></td>
<td class="navFooterDescSpacer" style="width: 4%"></td>
<td class="navFooterDescItem">&nbsp;</td>
<td class="navFooterDescSpacer" style="width: 42.0%"></td>
</tr>
</table></div>

<div class="navFooterLine navFooterLinkLine navFooterPadItemLine"><ul><li class='nav_first'><a href='/gp/help/customer/display.html/ref=footer_cou/280-6066651-0896728?ie=UTF8&amp;nodeId=505048' class='nav_a'>Unsere AGB</a></li><li><a href='/gp/help/customer/display.html/ref=footer_privacy/280-6066651-0896728?ie=UTF8&amp;nodeId=3312401' class='nav_a'>Datenschutzerklärung</a></li><li><a href='/gp/help/customer/display.html/ref=footer_impressum/280-6066651-0896728?ie=UTF8&amp;nodeId=505050' class='nav_a'>Impressum</a></li><li class='nav_last'><a href='/gp/help/customer/display.html/ref=footer_intbasedads/280-6066651-0896728?ie=UTF8&amp;nodeId=201151440' class='nav_a'>Cookies & Internet-Werbung</a></li></ul><span>© 1998-2016, Amazon.com, Inc. oder Tochtergesellschaften</span><ul></ul></div>
</div>
<!-- whfh-eeUOuOnU01jJVkb5k273/3Zn1rLKvwtOB6eAWhrBayMbx133olD66PZ3bbr+ndUN rid-05RJQ27WRTNRY1YBHKCM -->
<div id="sis_pixel_r2" aria-hidden="true" style="height:1px; position: absolute; left: -1000000px; top: -1000000px;"></div><script>(function(a,b){a.attachEvent?a.attachEvent("onload",b):a.addEventListener&&a.addEventListener("load",b,!1)})(window,function(){setTimeout(function(){var el=document.getElementById("sis_pixel_r2");el&&(el.innerHTML='<iframe id="DAsis" src="//aax-eu.amazon-adsystem.com/s/iu3?d=amazon.de&slot=navFooter&a2=010108a3c2dae6b93912d14e66260f1a024660cbdb20f0e0f0df985935a74aa3669a&old_oo=0&cb=1464075784807" width="1" height="1" frameborder="0" marginwidth="0" marginheight="0" scrolling="no"></iframe>')},300)});</script>



  







<script type='text/javascript'><!--
/* customer-reviews */



  
P.when("A").execute(function(A) {
   
   function vote(event) {
     var root = A.$(event.data.rootComponentId);
     var target = event.$target;
     root.find(".cr-vote-buttons").addClass("a-hidden");
     root.find(".cr-vote-feedback").removeClass("a-hidden");
       
     A.get(target.attr("href") + "&type=json&_=" + (new Date()).getTime(),
     {
	   dataType: 'json',
	   ajaxTimeout: 10000,
	   success: function(data, textStatus){ 
         success(data, root, target);
       },
	   error: function(XMLHttpRequest, textStatus, errorThrown){
         error(root, target);
       }
	 });
     event.$event.preventDefault();

   }

   function isNoButton(target) {       
     return target.closest(".noButton").length > 0;
   }

   function success(data, root, target) {
       if (data.redirect == 1) {
	   window.location.href = target.attr("href");
       } else if (data.error == 1) {
	   error(root, target);
       } else {
	   root.find(".cr-vote-success").removeClass("a-hidden");	   
	   root.find(".cr-vote-feedback").addClass("a-hidden");
       }
   }

   function error(root, target) {
       root.find(".cr-vote-error").removeClass("a-hidden");	   
       root.find(".cr-vote-feedback").addClass("a-hidden");
   }

   A.declarative("cr-vote", ["click"], vote);
});


//--></script>
 
 




<div id="amznCompressDiv">
</div>
<script type="text/javascript">
  if (window.amznJQ) {
    amznJQ.onReady('jQuery', function () {
        document.cookie="GZ=0;path=/";

        setTimeout(function() {
            jQuery('#amznCompressDiv').append('<iframe id="amznCompressIframe" width="0" height="0" frameborder="0" style="display:none"> </iframe>');
            jQuery('#amznCompressIframe').attr('src', '/gp/compression/base/detail/280-6066651-0896728');
        }, 3000);

      });
  }
</script>




<script>
  __auiPreloadIndex = window.__auiPreloadIndex || 0;
  (window.AmazonUIPageJS ? AmazonUIPageJS : P).when('A').execute("auiPreloadJS_"+(++__auiPreloadIndex), function(A){
    A.preload('http://z-ecx.images-amazon.com/images/G/01/AUIClients/AmazonUI-46b350ce7918729a03740727676b761a9c8addac._V2_.js#AUIClients/AmazonUI.rendering_engine-not-trident.udp_amznjq_shim.min');
    A.preload('https://images-na.ssl-images-amazon.com/images/G/01/AUIClients/AmazonUI-46b350ce7918729a03740727676b761a9c8addac._V2_.js#AUIClients/AmazonUI.rendering_engine-not-trident.secure.udp_amznjq_shim-true.min');
    A.preload('http://z-ecx.images-amazon.com/images/I/11%2Bz2%2BMNlIL._RC|21T+wghIdtL.js,210750+VhVL.js,01lJcYXHevL.js,3124FsDTcjL.js,41HM1xUVkGL.js,51OiqInYFPL.js,31kvGL5KPxL.js,0160Lz3UB5L.js,01dxEvVBUeL.js,01DdN5HYGpL.js,71ubm0m2bPL.js,41tq9fIxLyL.js,01zUvGCQbPL.js,01X5C8pWB1L.js,01LHJt5PiyL.js,01f61VgJGUL.js,31oxXsLwgnL.js,21xCmH2zwZL.js_.js#AUIClients/SoftlinesDetailPageMetaAsset');
    A.preload('https://images-eu.ssl-images-amazon.com/images/I/11%2Bz2%2BMNlIL._RC|21T+wghIdtL.js,210750+VhVL.js,01lJcYXHevL.js,3124FsDTcjL.js,41HM1xUVkGL.js,51OiqInYFPL.js,31kvGL5KPxL.js,0160Lz3UB5L.js,01dxEvVBUeL.js,01DdN5HYGpL.js,71ubm0m2bPL.js,41tq9fIxLyL.js,01zUvGCQbPL.js,01X5C8pWB1L.js,01LHJt5PiyL.js,01f61VgJGUL.js,31oxXsLwgnL.js,21xCmH2zwZL.js_.js#AUIClients/SoftlinesDetailPageMetaAsset');
    A.preload('http://z-ecx.images-amazon.com/images/I/210750%2BVhVL._RC|01lJcYXHevL.js,3124FsDTcjL.js,41HM1xUVkGL.js,11umwnj4umL.js,21CwYizqTRL.js,3195CneOqIL.js,01DdN5HYGpL.js,71ubm0m2bPL.js,41tq9fIxLyL.js,01zUvGCQbPL.js,01X5C8pWB1L.js,01LHJt5PiyL.js,01f61VgJGUL.js,31oxXsLwgnL.js,21xCmH2zwZL.js_.js#AUIClients/MediaDetailPageMetaAsset');
    A.preload('https://images-eu.ssl-images-amazon.com/images/I/210750%2BVhVL._RC|01lJcYXHevL.js,3124FsDTcjL.js,41HM1xUVkGL.js,11umwnj4umL.js,21CwYizqTRL.js,3195CneOqIL.js,01DdN5HYGpL.js,71ubm0m2bPL.js,41tq9fIxLyL.js,01zUvGCQbPL.js,01X5C8pWB1L.js,01LHJt5PiyL.js,01f61VgJGUL.js,31oxXsLwgnL.js,21xCmH2zwZL.js_.js#AUIClients/MediaDetailPageMetaAsset');
    A.preload('http://z-ecx.images-amazon.com/images/I/31yw-xUfw0L._RC|21T+wghIdtL.js,210750+VhVL.js,01lJcYXHevL.js,3124FsDTcjL.js,41HM1xUVkGL.js,31kvGL5KPxL.js,41tq9fIxLyL.js,21lI163BfyL.js,01dxEvVBUeL.js,112IXy0KrSL.js,01DdN5HYGpL.js,71ubm0m2bPL.js,51HOwnzg8NL.js,11B-6oFpmdL.js,31wu56JnmKL.js,01STS3QrYuL.js,01tmPUPXtdL.js,61Q5kcjylNL.js,01zUvGCQbPL.js,01X5C8pWB1L.js,01LHJt5PiyL.js,01f61VgJGUL.js,31oxXsLwgnL.js,01YVu6IzvIL.js,21xCmH2zwZL.js,0193uyIciNL.js,31VReWMQSPL.js_.js#AUIClients/HardlinesDetailPageMetaAsset');
    A.preload('https://images-eu.ssl-images-amazon.com/images/I/31yw-xUfw0L._RC|21T+wghIdtL.js,210750+VhVL.js,01lJcYXHevL.js,3124FsDTcjL.js,41HM1xUVkGL.js,31kvGL5KPxL.js,41tq9fIxLyL.js,21lI163BfyL.js,01dxEvVBUeL.js,112IXy0KrSL.js,01DdN5HYGpL.js,71ubm0m2bPL.js,51HOwnzg8NL.js,11B-6oFpmdL.js,31wu56JnmKL.js,01STS3QrYuL.js,01tmPUPXtdL.js,61Q5kcjylNL.js,01zUvGCQbPL.js,01X5C8pWB1L.js,01LHJt5PiyL.js,01f61VgJGUL.js,31oxXsLwgnL.js,01YVu6IzvIL.js,21xCmH2zwZL.js,0193uyIciNL.js,31VReWMQSPL.js_.js#AUIClients/HardlinesDetailPageMetaAsset');
  });
  (window.AmazonUIPageJS ? AmazonUIPageJS : P).when('A').execute("auiPreloadCSS_"+(++__auiPreloadIndex), function(A){
    A.preload('http://z-ecx.images-amazon.com/images/G/01/AUIClients/AmazonUI-f28e5b0187075e51333d2b1d2c00acf2318fc9f3._V2_.css#AUIClients/AmazonUI.rendering_engine-not-trident.udp_amznjq_shim.min');
    A.preload('https://images-na.ssl-images-amazon.com/images/G/01/AUIClients/AmazonUI-f9ef76521d3dd9c19a37db91cf813e4b5e5f94b7._V2_.css#AUIClients/AmazonUI.rendering_engine-not-trident.secure.udp_amznjq_shim-true.min');
    A.preload('http://z-ecx.images-amazon.com/images/I/61929wtiD0L._RC|314+J0G-4bL.css,11FgAc1zMiL.css,01tbYi0NqvL.css,21e-Ab7SQHL.css,113FuDtwChL.css,413-lmjeakL.css,21xaajvpfWL.css,01hvfEvfPgL.css,01RSPSfDB5L.css,01GT2VH57dL.css,21Rjwbph1AL.css_.css#AUIClients/SoftlinesDetailPageMetaAsset');
    A.preload('https://images-eu.ssl-images-amazon.com/images/I/61929wtiD0L._RC|31aAyaxT5eL.css,11FgAc1zMiL.css,01tbYi0NqvL.css,21J-VJvuQQL.css,113FuDtwChL.css,41D+QGsGE4L.css,21xaajvpfWL.css,01hvfEvfPgL.css,01RSPSfDB5L.css,01GT2VH57dL.css,21Rjwbph1AL.css_.css#AUIClients/SoftlinesDetailPageMetaAsset');
    A.preload('http://z-ecx.images-amazon.com/images/I/61BoAFcScZL._RC|11FgAc1zMiL.css,01tbYi0NqvL.css,21e-Ab7SQHL.css,113FuDtwChL.css,21eSP2hte3L.css,01EOyxZA2lL.css,01hvfEvfPgL.css,01RSPSfDB5L.css,01GT2VH57dL.css,21Rjwbph1AL.css_.css#AUIClients/MediaDetailPageMetaAsset');
    A.preload('https://images-eu.ssl-images-amazon.com/images/I/61tXTi7waDL._RC|11FgAc1zMiL.css,01tbYi0NqvL.css,21J-VJvuQQL.css,113FuDtwChL.css,21eSP2hte3L.css,01EOyxZA2lL.css,01hvfEvfPgL.css,01RSPSfDB5L.css,01GT2VH57dL.css,21Rjwbph1AL.css_.css#AUIClients/MediaDetailPageMetaAsset');
    A.preload('http://z-ecx.images-amazon.com/images/I/61AZKC0LVzL._RC|213-eBzDVcL.css,314+J0G-4bL.css,11FgAc1zMiL.css,01tbYi0NqvL.css,21e-Ab7SQHL.css,113FuDtwChL.css,21xaajvpfWL.css,01RSPSfDB5L.css,11xRy3bSkOL.css,01QUs5FVXoL.css,01hvfEvfPgL.css,51LVhCKskuL.css,01aViOmOIXL.css,112oyEpVpwL.css,41A3MwXNi4L.css,01GT2VH57dL.css,21Rjwbph1AL.css,215zZvgXb+L.css,01rgQ3jqo7L.css,11eUPNzJArL.css_.css#AUIClients/HardlinesDetailPageMetaAsset');
    A.preload('https://images-eu.ssl-images-amazon.com/images/I/61iBqf7lxLL._RC|213-eBzDVcL.css,31aAyaxT5eL.css,11FgAc1zMiL.css,01tbYi0NqvL.css,21J-VJvuQQL.css,113FuDtwChL.css,21xaajvpfWL.css,01RSPSfDB5L.css,11xRy3bSkOL.css,01QUs5FVXoL.css,01hvfEvfPgL.css,51+iZzbs8UL.css,01aViOmOIXL.css,112oyEpVpwL.css,41A3MwXNi4L.css,01GT2VH57dL.css,21Rjwbph1AL.css,21uNvMkfCFL.css,01rgQ3jqo7L.css,11eUPNzJArL.css_.css#AUIClients/HardlinesDetailPageMetaAsset');
  });
</script>















<script type="text/javascript">

function prefetchTYPAssets() {
    var imageAssets = new Array();
    var jsCssAssets = new Array();
      imageAssets.push("https://images-eu.ssl-images-amazon.com/images/G/03/x-locale/common/buy-buttons/review-1-click-order._CB192558581_.gif");
      imageAssets.push("https://images-eu.ssl-images-amazon.com/images/G/03/x-locale/common/buttons/continue-shopping._CB192558364_.gif");
      imageAssets.push("https://images-eu.ssl-images-amazon.com/images/G/03/x-locale/common/buy-buttons/thank-you-elbow._CB192558586_.gif");
      imageAssets.push("https://images-eu.ssl-images-amazon.com/images/G/03/x-locale/communities/social/snwicons_v2._CB402380168_.png");
      imageAssets.push("https://images-eu.ssl-images-amazon.com/images/G/03/checkout/assets/carrot._CB192188498_.gif");
      imageAssets.push("https://images-eu.ssl-images-amazon.com/images/G/03/checkout/thank-you-page/assets/yellow-rounded-corner-sprite._CB192563625_.gif");
      imageAssets.push("https://images-eu.ssl-images-amazon.com/images/G/03/checkout/thank-you-page/assets/white-rounded-corner-sprite._CB212531206_.gif");
      jsCssAssets.push("https://images-na.ssl-images-amazon.com/images/G/01/browser-scripts/site-wide-js-1.2.6-beacon/site-wide-3750999928._V1_.js");
      jsCssAssets.push("https://images-na.ssl-images-amazon.com/images/G/01/browser-scripts/de-site-wide-css-beacon/site-wide-6800426958._V1_.css");

    // pre-fetching image assets
    for (var i=0; i<imageAssets.length; i++) {
       new Image().src = imageAssets[i];
    }
    // pre-fetching css and js assets based on different browser types
    var isIE = /*@cc_on!@*/0;
    var isFireFox = /Firefox/.test(navigator.userAgent);
    if (isIE) {
      for (var i=0; i<jsCssAssets.length; i++) {
        new Image().src = jsCssAssets[i];
      }
    }
    else if (isFireFox) {
      for (var i=0; i<jsCssAssets.length; i++) {
        var o =  document.createElement("object");
        o.data = jsCssAssets[i];
        o.width = o.height = 0;
        document.body.appendChild(o);
      }
    }
}


    var onload = function () {
        setTimeout(prefetchTYPAssets, 2000);
    };
    if (window.addEventListener) {
        window.addEventListener("load", onload);
    } else if (window.attachEvent) { /* for <= IE 8 */
        window.attachEvent("onload", onload);
    }
</script>

<input type="hidden" name="1click-tsdelta" id="1click-tsdelta">
<script type="text/javascript">
var ocInitTimestamp = 1464075784;
var jsURL = '';
if (jsURL) {

if (typeof(P) !== "undefined") {
    P.when('jQuery', 'cf').execute('one-click-detection-js', function(jQuery) {
        jQuery.ajax({
            url: jsURL,
            dataType: 'script',
            cache: true
        });
    });
}
}
</script>







    





<script type="text/javascript">


if (!window.$SearchJS && window.$Nav) {
  window.$SearchJS = $Nav.make('sx');
}
if (window.$SearchJS) {


}



(function() {

  var precacheMaterials = ["https://images-eu.ssl-images-amazon.com/images/G/01/AUIClients/AmazonUI-def1dfe3edcac538e27845c3cfc11fa83c842d7e._V2_.css#AUIClients/AmazonUI.rendering_engine-not-trident.secure.min","http://z-ecx.images-amazon.com/images/G/01/AUIClients/RetailSearchAssets-74dfa8cd7ca5b33f568b1fe8ae08d7887116610d._V2_.js#AUIClients/RetailSearchAssets.renderskin-pc.search-results-aui.min","https://images-eu.ssl-images-amazon.com/images/G/01/AUIClients/AmazonUI-2f3dfd1d13ff48626ca483d8d12b6821e34cf459._V2_.js#AUIClients/AmazonUI.rendering_engine-not-trident.secure.min","http://z-ecx.images-amazon.com/images/G/01/AUIClients/AmazonUI-9695ef3fe158ea0a0a9f65b1ad2116f9169d663c._V2_.css#AUIClients/AmazonUI.rendering_engine-not-trident.min","http://z-ecx.images-amazon.com/images/G/01/AUIClients/RetailSearchAssets-f16f4d8a12436aeb7c33597c510a8307ea6ea2eb._V2_.css#AUIClients/RetailSearchAssets.renderskin-pc.search-results-aui.min","https://images-eu.ssl-images-amazon.com/images/G/01/AUIClients/FastCookies-c19cbfdc031735e009766e61b8f141d827e52f87._V2_.js#AUIClients/FastCookies.de.secure.min","https://images-eu.ssl-images-amazon.com/images/G/01/AUIClients/RetailSearchAssets-74dfa8cd7ca5b33f568b1fe8ae08d7887116610d._V2_.js#AUIClients/RetailSearchAssets.renderskin-pc.search-results-aui.secure.min","https://images-eu.ssl-images-amazon.com/images/G/01/AUIClients/RetailSearchAssets-77918e19731af50d42de286d4ab670bebb497ebb._V2_.css#AUIClients/RetailSearchAssets.renderskin-pc.search-results-aui.secure.min","http://z-ecx.images-amazon.com/images/G/01/AUIClients/AmazonUI-2f3dfd1d13ff48626ca483d8d12b6821e34cf459._V2_.js#AUIClients/AmazonUI.rendering_engine-not-trident.min","http://z-ecx.images-amazon.com/images/G/01/AUIClients/FastCookies-c19cbfdc031735e009766e61b8f141d827e52f87._V2_.js#AUIClients/FastCookies.de.min","http://g-ecx.images-amazon.com/images/G/03/nav2/images/gui/searchSprite._CB272921379_.png"];

  if (window.amznJQ) {
    amznJQ.addPL(precacheMaterials);
  } else if (window.P) {
    P.when('A').execute(function(A){
      A.preload(precacheMaterials);
    });
  }

  
})();



</script>













  



























            
            
      








        </div>
    </div><script type='text/javascript'>
    
    window.ue_csm.cel_widgets = [
         {  id: "detail-bullets"  } , {  id: "featurebullets_feature_div"  } , {  id: "summaryContainer"  } , {  s: "#revMHRL > DIV"  , id_gen: function(elem, index) { return 'custRev' + (index + 1); }  } , {  id: "sims_fbt"  } , {  id: "purchase-sims-feature"  } , {  id: "session-sims-feature"  } , {  id: "quickPromoBucketContent"  } , {  id: "productDescription"  } , {  id: "technicalSpecifications_feature_div"  } , {  id: "prodDetails"  } , {  id: "related_ads"  } , {  id: "technical-data"  } , {  id: "tagging_lazy_load_div"  } , {  id: "consumption-sims"  } , {  id: "moreBuyingChoices_feature_div"  } , {  id: "product-ads-feedback_feature_div"  } , {  id: "DAcrt"  } , {  id: "vtpsims"  } , {  c: "celwidget"  } , {  id: "fallbacksessionShvl"  } , {  id: "rhf"  } , {  id: "unifiedLocationPopoverSelections"  } 
    ];




</script>

<div id='be' style='display:none;visibility:hidden;'><form name='ue_backdetect'><input name='ue_back' value='1' type='hidden'></form><script type="text/javascript">
(function(a){var b=document.ue_backdetect;b&&b.ue_back&&a.ue&&(a.ue.bfini=b.ue_back.value);a.uet&&a.uet("be");a.onLdEnd&&(window.addEventListener?window.addEventListener("load",a.onLdEnd,!1):window.attachEvent&&window.attachEvent("onload",a.onLdEnd));a.ueh&&a.ueh(0,window,"load",a.onLd,1);a.ue&&a.ue.tag&&(a.ue_furl&&a.ue_furl.split?(b=a.ue_furl.split("."))&&b[0]&&a.ue.tag(b[0]):a.ue.tag("nofls"))})(ue_csm);


var ue_pty='Detail', ue_spty='Glance', ue_pti='B00BSNACII';

</script>

<a href='/dp/B00BSNACII/uedata/unsticky/280-6066651-0896728/Detail/ntpoffrw?tepes=1&amp;id=05RJQ27WRTNRY1YBHKCM'>v</a>
<noscript>
     <img src='/dp/B00BSNACII/uedata/unsticky/280-6066651-0896728/Detail/ntpoffrw?noscript&amp;id=05RJQ27WRTNRY1YBHKCM&amp;pty=Detail&amp;spty=Glance&amp;pti=B00BSNACII' />
     <img src='//fls-eu.amazon.de/1/batch/1/OP/A1PA6795UKMFR9:280-6066651-0896728:05RJQ27WRTNRY1YBHKCM$uedata=s:%2Fdp%2FB00BSNACII%2Fuedata%2Funsticky%2F280-6066651-0896728%2FDetail%2Fntpoffrw%3Fnoscript%26id%3D05RJQ27WRTNRY1YBHKCM%26pty%3DDetail%26spty%3DGlance%26pti%3DB00BSNACII:2000' />

</noscript>
</div>
<script type='text/javascript'>
(function(g,h){function d(a,d){var b={};if(!e||!f)try{var c=h.sessionStorage;c?a&&("undefined"!==typeof d?c.setItem(a,d):b.val=c.getItem(a)):f=1}catch(g){e=1}e&&(b.e=1);return b}var b=g.ue||{},a="",f,e,c,a=d("csmtid");f?a="NA":a.e?a="ET":(a=a.val,a||(a=b.oid||"NI",d("csmtid",a)),c=d(b.oid),c.e||(c.val=c.val||0,d(b.oid,c.val+1)),b.ssw=d);b.tabid=a})(ue_csm,window);

</script>
<script type='text/javascript'>
(function(b,c){var a=c.images;a&&a.length&&b.ue.count("totalImages",a.length)})(ue_csm,document);

</script>
<script type='text/javascript'>
(function(l,m){function I(a){if(a)return a.replace(/^\s+|\s+$/g,"")}function x(a,e){if(!a)return{};a.m&&a.m[n]&&(a=a.m);var b=e.m||e[n]||"",b=a.m&&a.m[n]?b+a.m[n]:a.m&&a.m.target&&a.m.target.tagName?b+("Error handler invoked by "+a.m.target.tagName+" tag"):a.m?b+a.m:a[n]?b+a[n]:b+"Unknown error",b={m:b,f:a.f||a.sourceURL||a.fileName||a.filename||a.m&&a.m.target&&a.m.target.src,l:a.l||a.line||a.lineno||a.lineNumber,c:a.c?""+a.c:a.c,s:[],t:l.ue.d(),name:a.name,type:a.type,csm:J+" "+(a.fromOnError?"onerror":
"ueLogError")},c,d,f=0,g=0,k;d=m.location;c=a.stack||(a.err?a.err.stack:"");b[y]=e[y]||d&&d.href||"missing";b[p]=e[p]||z;(d=e[q])&&(b[q]=""+d);l.ue_hi_err&&(b.hi=l.ue.hi);if(c&&c.split)for(b.csm+=" stack",d=c.split("\n");f<d.length&&b.s.length<A;)(c=d[f++])&&b.s.push(I(c));else for(b.csm+=" callee",d=B(a.args||arguments,"callee"),g=f=0;d&&f<A;)k=v,d[s]||(c=d.toString())&&c.substr&&(k=0===g?4*v:k,k=1==g?2*v:k,b.s.push(c.substr(0,k)),g++),d=B(d,"caller"),f++;!b.f&&0<b.s.length&&(f=b,c=(f||{}).s||[],
d=c[1]||"",c=(c[0]||"").match(K)||d.match(L))&&(f.f=c[1],f.l=c[2]);return b}function B(a,e){try{return a[e]}catch(b){}}function C(a,e){if(a&&!(h.ec>h.mxe)){h.ec++;h.ter.push(a);e=e||{};var b=a[p]||e[p];e[p]=b;e[q]=a[q]||e[q];b&&b!=z||h.ecf++;w(a,e)}}function w(a,e){if(a){var b=x(a,e),c=e.channel||M;if(ue.log.isStub&&m[t]&&m[t][u]){var d={};d[c]=b;try{var f=m[t][u]({rid:ue.rid,sid:l.ue_sid,mid:l.ue_mid,sn:l.ue_sn,reqs:[d]}),g=m[N],k;if(k=!(g[D]&&g[D](E,f)))if(m[F]){var h=new m[F];h.onerror=r;h.ontimeout=
r;h.onprogress=r;h.onload=r;h.timeout=0;k=h}else if(m[G]){var n=new m[G];k="withCredentials"in n?n:void 0}else k=void 0;if(c=k){c.open("POST",E,!0);if(c[H])c[H]("Content-type","text/plain");c.send(f)}}catch(p){}}else l.ue.log(b,c,{nb:1});if(!a.fromOnError){f=m.console||{};c=f.error||f.log||r;d=m[t];g="Error logged with the Track&Report JS errors API(http://tiny/1covqr6l8/wamazindeClieUserJava): ";if(d&&d[u])try{g+=d[u](b)}catch(q){g+="no info provided; converting to string failed"}else g+=b.m;c.apply(f,
[g,b])}}}var G="XMLHttpRequest",F="XDomainRequest",N="navigator",D="sendBeacon",u="stringify",t="JSON",p="logLevel",q="attribution",y="pageURL",s="skipTrace",H="setRequestHeader",n="message",r=function(){},E="//"+l.ue_furl+"/1/batch/1/OE/",h=l.ue_err,M=l.ue_err_chan||"jserr",z="FATAL",J="v6",A=20,v=256,L=RegExp(" (?([^ s]*):( d+): d+ )?".split(" ").join(String.fromCharCode(92))),K=/.*@(.*):(\d*)/;x[s]=1;C[s]=1;w[s]=1;(function(){for(var a,e=0;e<(h.erl||[]).length;e++)a=h.erl[e],w(a.ex,a.info);h.erl=
[]})();l.ueLogError=C})(ue_csm,window);

</script>
<script type='text/javascript'>
(function(c,d){var b=c.ue,a=d.navigator;b&&b.tag&&a&&(a=a.connection||a.mozConnection||a.webkitConnection)&&a.type&&b.tag("netInfo:"+a.type)})(ue_csm,window);

</script>
<script type="text/javascript">
(function(c,d){function g(a,b){for(var c=[],d=0;d<a.length;d++){var f=a[d],e=b.encode(f);if(f[h]){var k=b.metaSep,f=f[h],l=b.metaPairSep,g=[],m=void 0;for(m in f)f.hasOwnProperty(m)&&g.push(m+"="+f[m]);f=g.join(l);e+=k+f}c.push(e)}return c.join(b.resourceSep)}function n(a){var b=a[h]=a[h]||{};b[t]||(b[t]=c.ue_mid);b[u]||(b[u]=c.ue_sid);b[k]||(b[k]=c.ue_id);b.csm=1;a="//"+c.ue_furl+"/1/"+a[v]+"/1/OP/"+a[w]+"/"+a[x]+"/"+g([a],y);if(p)try{p.call(d[q],a)}catch(e){c.ue.sbf=1,(new Image).src=a}else(new Image).src=
a}function r(){l&&l.isStub&&l.replay(function(a,b,c){a=a[0];b=a[h]=a[h]||{};b[k]=b[k]||c;n(a)});e.impression=n;l=null}if(!(1<c.ueinit)){var h="metadata",x="impressionType",v="foresterChannel",w="programGroup",t="marketplaceId",u="session",k="requestId",q="navigator",e=c.ue||{},p=d[q]&&d[q].sendBeacon,s=function(a,b,c,d){return{encode:d,resourceSep:a,metaSep:b,metaPairSep:c}},y=s("","?","&",function(a){return g(a.impressionData,z)}),z=s("/",":",",",function(a){return a.featureName+":"+g(a.resources,
A)}),A=s(",","@","|",function(a){return a.id}),l=e.impression;(e.impression||n)({programGroup:"csm",impressionType:"action",impressionData:[{featureName:"csm-features",resources:[{id:"impression-tracking"}]}],foresterChannel:"action-impressions"});p?r():(e.attach("load",r),e.attach("beforeunload",r));d.P&&d.P.register&&d.P.register("impression-client",function(){})}})(ue_csm,window);

</script>
<script type='text/javascript'>
ue_csm.ue.exec(function(d,e,a){function b(a,b){return{name:a,getFeatureValue:function(){return void 0!==b|0}}}function h(a,b,c){return{name:a,getFeatureValue:function(){return b===c|0}}}function g(a,b){return{name:a,getFeatureValue:function(){for(var a=0;a<b.length;a++)if(void 0!==b[a])return 1;return 0}}}var k=d.ue_unbf,f=d.ue||{},c=[b("dall",e.all),b("dcm",e.compatMode),b("xhr",a.XMLHttpRequest),b("qs",e.querySelector),b("ael",e.addEventListener),b("atob",a.atob)];if(k){try{c.push(h("no",a.navigator.onLine,
!1))}catch(l){c.push({name:"no",getFeatureValue:function(){return 2}})}c.push(g("pjs",[a.callPhantom,a._phantom,a.PhantomEmitter,a.__phantomas]),b("njs",a.Buffer),b("cjs",a.emit),b("rhn",a.spawn),b("sel",a.webdriver),g("chrm",[a.domAutomation,a.domAutomationController]),{name:"plg",getFeatureValue:function(){return(void 0!==a.navigator.plugins&&0<a.navigator.plugins.length)|0}})}f._bf=d.ue.exec(function(){for(var a="",b=0;b<c.length;b++)a+=c[b].name+"_"+c[b].getFeatureValue()+"-";(d.ue||{})._bf=null;
return a},"ue.bf");f._bf.modules=c;f._bf.mpm=b},"bf")(ue_csm,document,window);

</script>
<!--[if IE 5]>
<script type='text/javascript'> ue._bf.modules.push( ue._bf.mpm("cc_ie5", 1) ) </script>
<![endif]-->
<!--[if IE 6]>
<script type='text/javascript'> ue._bf.modules.push( ue._bf.mpm("cc_ie6", 1) ) </script>
<![endif]-->
<!--[if IE 7]>
<script type='text/javascript'> ue._bf.modules.push( ue._bf.mpm("cc_ie7", 1) ) </script>
<![endif]-->
<!--[if IE 8]>
<script type='text/javascript'> ue._bf.modules.push( ue._bf.mpm("cc_ie8", 1) ) </script>
<![endif]-->
<!--[if IE 9]>
<script type='text/javascript'> ue._bf.modules.push( ue._bf.mpm("cc_ie9", 1) ) </script>
<![endif]-->
<script type='text/javascript'>
ue_csm.ue.exec(function(e,f){var a=e.ue||{},b=a._wlo,d;if(a.ssw){d=a.ssw("CSM_previousURL").val;var c=f.location,b=b?b:c&&c.href?c.href.split("#")[0]:void 0;c=(b||"")===a.ssw("CSM_previousURL").val;!c&&b&&a.ssw("CSM_previousURL",b);d=c?"reload":d?"intrapage-transition":"first-view"}else d="unknown";a._nt=d},"NavTypeModule")(ue_csm,window);

</script>
<script type='text/javascript'>
var ue_mbl=ue_csm.ue.exec(function(f,a){function k(e){b=e||{};a.AMZNPerformance=b;b.transition=b.transition||{};b.timing=b.timing||{};!a.webclient||"function"!==typeof webclient.getRealClickTime||a.cordova&&a.cordova.platformId&&"ios"==cordova.platformId||(b.tags instanceof Array&&(e=-1!=b.tags.indexOf("usesAppStartTime")||b.transition.type?!b.transition.type&&-1<b.tags.indexOf("usesAppStartTime")?"warm-start":void 0:"view-transition",e&&(b.transition.type=e)),"reload"===d._nt&&f.ue_orct||"intrapage-transition"===
d._nt?a.performance&&performance.timing&&performance.timing.navigationStart?b.timing.transitionStart=a.performance.timing.navigationStart:delete b.timing.transitionStart:"undefined"===typeof d._nt&&a.performance&&performance.timing&&performance.timing.navigationStart&&a.history&&"function"===typeof a.History&&"object"===typeof a.history&&history.length&&1!=history.length&&(b.timing.transitionStart=a.performance.timing.navigationStart));e=b.transition;var c;c=d._nt?d._nt:void 0;e.subType=c;a.ue&&a.ue.tag&&
a.ue.tag("has-AMZNPerformance");d.isl&&a.uex&&uex("at","csm-timing");l()}function m(b){a.ue&&a.ue.count&&a.ue.count("csm-cordova-plugin-failed",1)}function l(){try{P.register("AMZNPerformance",function(){return b})}catch(a){}}function g(){if(!b)return"";ue_mbl.cnt=null;var a=b.transition,c;c=b.timing.transitionStart;c="undefined"!==typeof c&&"undefined"!==typeof h?c-h:void 0;a=["mts",c,"mtt",a.type,"mtst",a.subType,"mtlt",a.launchType];c="";for(var d=0;d<a.length;d+=2){var f=a[d],g=a[d+1];"undefined"!==
typeof g&&(c+="&"+f+"="+g)}return c}function n(a,c){b&&(h=c,b.timing.transitionStart=a,b.transition.type="view-transition",b.transition.subType="ajax-transition",b.transition.launchType="normal",ue_mbl.cnt=g)}var d=f.ue||{},h=f.ue_t0,b;if(a.P&&a.P.when&&a.P.register)return a.P.when("CSMPlugin").execute(function(a){a.buildAMZNPerformance&&a.buildAMZNPerformance({successCallback:k,failCallback:m})}),{cnt:g,ajax:n}},"mobile-timing")(ue_csm,window);

</script>
</body>

  </html>














(～ o ～)~zZ: Sleep................
Server:  {"cmd":"resolve_captcha_return","url":"http://ecx.images-amazon.com/captcha/cdkxpfei/Captcha_jnoiuvblql.jpg","captcha_str":"jegtme"}
jegtme
qNsYIvJhT6XL6HQRhtOvrA==


  
  










































<!doctype html><html class="a-no-js" data-19ax5a9jf="dingo">
<head>
<script type="text/javascript">var ue_t0=ue_t0||+new Date();</script>
<script type="text/javascript">
var ue_hob=+new Date();
var ue_id='0WSYMHX46SV2Y1P04DFY',
ue_csm = window,
ue_err_chan = 'jserr-rw',
ue = {};
(function(d){var e=d.ue=d.ue||{},f=Date.now||function(){return+new Date};e.d=function(b){return f()-(b?0:d.ue_t0)};e.stub=function(b,a){if(!b[a]){var c=[];b[a]=function(){c.push([c.slice.call(arguments),e.d(),d.ue_id])};b[a].replay=function(b){for(var a;a=c.shift();)b(a[0],a[1],a[2])};b[a].isStub=1}};e.exec=function(b,a){return function(){if(1==window.ueinit)try{return b.apply(this,arguments)}catch(c){ueLogError(c,{attribution:a||"undefined",logLevel:"WARN"})}}}})(ue_csm);

ue.stub(ue,"log");ue.stub(ue,"onunload");ue.stub(ue,"onflush");

(function(c,d){function e(f,b){if(!(a.ec>a.mxe)&&f){a.ec++;a.ter.push(f);b=b||{};var c=f.logLevel||b.logLevel;c&&c!=k||a.ecf++;b.pageURL=""+(d.location?d.location.href:"");b.logLevel=c;b.attribution=f.attribution||b.attribution;a.erl.push({ex:f,info:b})}}function h(a,b,d,e,g){c.ueLogError({m:a,f:b,l:d,c:""+e,err:g,fromOnError:1,args:arguments},g?{attribution:g.attribution,logLevel:g.logLevel}:void 0);return!1}var k="FATAL",a={ec:0,ecf:0,pec:0,ts:0,erl:[],ter:[],mxe:50,startTimer:function(){a.ts++;
setInterval(function(){c.ue&&a.pec<a.ec&&c.uex("at");a.pec=a.ec},1E4)}};h.skipTrace=1;e.skipTrace=1;e.isStub=1;c.ueLogError=e;c.ue_err=a;d.onerror=h})(ue_csm,window);

var ue_url='/dp/B00BSNACII/uedata/unsticky/278-8288477-3349315/Detail/ntpoffrw',
ue_sid='278-8288477-3349315',
ue_mid='A1PA6795UKMFR9',
ue_sn='www.amazon.de',
ue_furl='fls-eu.amazon.de',
ue_navtiming=1,
ue_log_idx=0,
ue_fcsn=1,
ue_isrw=true,
ue_fpf='//fls-eu.amazon.de/1/batch/1/OP/A1PA6795UKMFR9:278-8288477-3349315:0WSYMHX46SV2Y1P04DFY$uedata=s:',
ue_fpfp='//fls-eu.amazon.de/1/uedata/1/OP/A1PA6795UKMFR9:278-8288477-3349315:0WSYMHX46SV2Y1P04DFY$s:',
ue_lnb=0,
ue_lwl=0,
ue_ran=0,
ue_qsl=2000,
ue_sbl=0,
ue_mce='click',
ue_unbf=0,
ue_rpl_ns=0,
ue_urt=3,
ue_sdbbc=0,
ue_fma=1,
ue_bwd=0,
ue_orct=1,
ue_hi_err=0,
ue_markers=0,
ue_int=0;

if (!window.ue_csm) {var ue_csm = window;}
function ue_viz(){(function(c,e,a){function k(b){if(c.ue.viz.length<p&&!l){var a=b.type;b=b.originalEvent;/^focus./.test(a)&&b&&(b.toElement||b.fromElement||b.relatedTarget)||(a=e[m]||("blur"==a||"focusout"==a?"hidden":"visible"),c.ue.viz.push(a+":"+(+new Date-c.ue.t0)),"visible"==a&&(ue.isl&&uex("at"),l=1))}}for(var l=0,f,g,m,n=["","webkit","o","ms","moz"],d=0,p=20,h=0;h<n.length&&!d;h++)if(a=n[h],f=(a?a+"H":"h")+"idden",d="boolean"==typeof e[f])g=a+"visibilitychange",m=(a?a+"V":"v")+"isibilityState";
k({});d&&e.addEventListener(g,k,0);c.ue&&d&&(c.ue.pageViz={event:g,propHid:f})})(ue_csm,document,window)};

(function(a,g){function A(a){return a&&a.replace&&a.replace(/^\s+|\s+$/g,"")}function q(a){return"undefined"===typeof a}function u(d,c,e,g){var n=g||+new Date,h;r&&r.timeStamp&&a.ue_int&&a.ue_markers&&void 0===g&&(c?r.timeStamp(c+"."+d):r.timeStamp(d));if(c||q(e)){if(d)for(h in g=c?f("t",c)||f("t",c,{}):a.ue.t,g[d]=n,e)e.hasOwnProperty(h)&&f(h,c,e[h]);return n}}function f(d,c,e){var g=a.ue,f=c&&c!=g.id?g.sc[c]:g;f||(f=g.sc[c]={});"id"==d&&e&&(g.cfa2=1,a.ue_ran&&(a.ue_cel&&a.ue_cel.reset(e),a.ue.log.reset&&
a.ue.log.reset()));return f[d]=e||f[d]}function x(d,c,e,g,f){e="on"+e;var h=c[e];"function"===typeof h?d&&(a.ue.h[d]=h):h=function(){};c[e]=f?function(a){g(a);h(a)}:function(a){h(a);g(a)};c[e]&&(c[e].isUeh=1)}function B(d,c,e){function v(c,e){var b=[c],g=0,h={},m,k;e?(b.push("m=1"),h[e]=1):h=a.ue.sc;for(k in h)if(h.hasOwnProperty(k)){var l=f("wb",k),n=f("t",k)||{},v=f("t0",k)||a.ue.t0,p;if(e||2==l){l=l?g++:"";b.push("sc"+l+"="+k);for(p in n)3>=p.length&&!q(n[p])&&null!==n[p]&&b.push(p+l+"="+(n[p]-
v));b.push("t"+l+"="+n[d]);if(f("ctb",k)||f("wb",k))m=1}}!C&&m&&b.push("ctb=1");return b.join("&")}function n(c,b,e,d){if(c){var f=a.ue_err,h;if(!d||!a.ue.log)if(E&&g[s]&&g[s][y])g[s][y](c);else h=new Image,a.ue.iel.push(h),h.src=c;H?a.ue_fpf&&g.encodeURIComponent&&c&&(E&&g[s]&&g[s][y]&&a.ue_fpfp?(c=""+a.ue_fpfp+g.encodeURIComponent(c)+":"+(+new Date-a.ue_t0),g[s][y](c)):(d=new Image,c=""+a.ue_fpf+g.encodeURIComponent(c)+":"+(+new Date-a.ue_t0),a.ue.iel.push(d),d.src=c)):a.ue.log&&(h=g.chrome&&"ul"==
b,a.ue.log(c,"uedata",a.ue_svi?{n:1,img:!d&&h?1:0}:{n:1}),a.ue.ielf.push(c));f&&!f.ts&&f.startTimer();a.ue.b&&(f=a.ue.b,a.ue.b="",n(f,b,e,1))}}function h(c){if(!ue.collected){var b=c.timing,e=c.navigation,d=ue.t;b&&(d.na_=b.navigationStart,d.ul_=b.unloadEventStart,d._ul=b.unloadEventEnd,d.rd_=b.redirectStart,d._rd=b.redirectEnd,d.fe_=b.fetchStart,d.lk_=b.domainLookupStart,d._lk=b.domainLookupEnd,d.co_=b.connectStart,d._co=b.connectEnd,d.sc_=b.secureConnectionStart,d.rq_=b.requestStart,d.rs_=b.responseStart,
d._rs=b.responseEnd,d.dl_=b.domLoading,d.di_=b.domInteractive,d.de_=b.domContentLoadedEventStart,d._de=b.domContentLoadedEventEnd,d._dc=b.domComplete,d.ld_=b.loadEventStart,d._ld=b.loadEventEnd,b=d.na_,c="function"!==typeof c.now||q(b)?0:new Date(b+c.now())-new Date,d.ntd=c+a.ue.t0);e&&(d.ty=e.type+a.ue.t0,d.rc=e.redirectCount+a.ue.t0);ue.collected=1}}function r(b){var c=p&&p.navigation?p.navigation.type:D,d=c&&2!=c,e=a.ue.bfini;a.ue.cfa2||(e&&1<e&&(b+="&bfform=1",d||(a.ue.isBFT=e-1)),2==c&&(b+="&bfnt=1",
a.ue.isBFT=a.ue.isBFT||1),a.ue.ssw&&a.ue.isBFT&&(q(a.ue.isNRBF)&&(c=a.ue.ssw(a.ue.oid),c.e||q(c.val)||(a.ue.isNRBF=1<c.val?0:1)),q(a.ue.isNRBF)||(b+="&nrbf="+a.ue.isNRBF)),a.ue.isBFT&&!a.ue.isNRBF&&(b+="&bft="+a.ue.isBFT));return b}function x(){a.ue.isl&&B("eod")}if(c||q(e)){for(var l in e)e.hasOwnProperty(l)&&f(l,c,e[l]);u("pc",c,e);l=f("id",c)||a.ue.id;var b=a.ue.url+"?"+d+"&v="+a.ue.v+"&id="+l,C=f("ctb",c)||f("wb",c),p=g.performance||g.webkitPerformance,m,k;C&&(b+="&ctb="+C);1<a.ueinit&&(b+="&ic="+
a.ueinit);!a.ue._fi||"at"!=d||c&&c!=l||(b+=a.ue._fi());if(!("ld"!=d&&"ul"!=d||c&&c!=l)){if("ld"==d){g.onbeforeunload&&g.onbeforeunload.isUeh&&(g.onbeforeunload=null);if(g.chrome)for(k=0;k<ue.ulh.length;k++)F("beforeunload",ue.ulh[k]);(k=document.ue_backdetect)&&k.ue_back&&k.ue_back.value++;a._uess&&(m=a._uess());a.ue.isl=1;a.ue_sdbbc&&z("beforeunload",x)}ue._bf&&(b+="&bf="+ue._bf());a.ue_navtiming&&p&&p.timing&&(f("ctb",l,"1"),1==a.ue_navtiming&&u("tc",D,D,p.timing.navigationStart));p&&h(p);a.ue.t.hob=
a.ue_hob;a.ue.t.hoe=a.ue_hoe;a.ue.ifr&&(b+="&ifr=1")}u(d,c,e);e="ld"==d&&c&&f("wb",c);var w;1!==ue_csm.ue_fma||e||l==a.ue.oid||I((f("t",c)||{}).tc||+f("t0",c),+f("t0",c));a.ue_mbl&&a.ue_mbl.cnt&&!e&&(b+=a.ue_mbl.cnt());e?f("wb",c,2):"ld"==d&&(t.lid=A(l));for(w in a.ue.sc)if(1==f("wb",w))break;if(e){if(a.ue.s)return;b=v(b,null)}else k=v(b,null),k!=b&&(k=r(k),a.ue.b=k),m&&(b+=m),b=v(b,c||a.ue.id);b=r(b);if(a.ue.b||e)for(w in a.ue.sc)2==f("wb",w)&&delete a.ue.sc[w];m=0;ue._rt&&(b+="&rt="+ue._rt());e||
(a.ue.s=0,(m=a.ue_err)&&0<m.ec&&m.pec<m.ec&&(m.pec=m.ec,b+="&ec="+m.ec+"&ecf="+m.ecf),m=f("ctb",c),f("t",c,{}));b&&a.ue.tag&&0<a.ue.tag().length&&(b+="&csmtags="+a.ue.tag().join("|"),a.ue.tag=a.ue.tagC());b&&a.ue.viz&&0<a.ue.viz.length&&(b+="&viz="+a.ue.viz.join("|"),a.ue.viz=[]);b&&!q(a.ue_pty)&&(b+="&pty="+a.ue_pty+"&spty="+a.ue_spty+"&pti="+a.ue_pti);b&&a.ue.tabid&&(b+="&tid="+a.ue.tabid);b&&a.ue.aftb&&(b+="&aftb=1");b&&a.ue.sbf&&(b+="&sbf=1");!a.ue._ui||c&&c!=l||(b+=a.ue._ui());a.ue.a=b;n(b,d,
m,e)}}function z(a,c,e){e=e||g;e.addEventListener?e.addEventListener(a,c,!1):e.attachEvent&&e.attachEvent("on"+a,c)}function F(a,c,e){e=e||g;e.removeEventListener?e.removeEventListener(a,c,!1):e.detachEvent&&e.detachEvent("on"+a,c)}function G(){function d(){a.onUl()}function c(a){return function(){e[a]||(e[a]=1,B(a))}}var e=a.ue.r,f,n;a.onLd=c("ld");a.onLdEnd=c("ld");a.onUl=c("ul");f={stop:c("os")};g.chrome?(z("beforeunload",d),ue.ulh.push(d)):f[J]=a.onUl;for(n in f)f.hasOwnProperty(n)&&x(0,g,n,f[n]);
a.ue_viz&&ue_viz();z("load",a.onLd);u("ue")}function I(d,c){a.ue_mbl&&a.ue_mbl.ajax&&a.ue_mbl.ajax(d,c);a.ue.tag("ajax-transition")}a.ueinit=(a.ueinit||0)+1;var t={t0:g.aPageStart||a.ue_t0,id:a.ue_id,url:a.ue_url,rid:a.ue_id,a:"",b:"",h:{},r:{ld:0,oe:0,ul:0},s:1,t:{},sc:{},iel:[],ielf:[],fc_idx:{},viz:[],v:"0.446.0",d:a.ue&&a.ue.d,log:a.ue&&a.ue.log,clog:a.ue&&a.ue.clog,onflush:a.ue&&a.ue.onflush,onunload:a.ue&&a.ue.onunload,stub:a.ue&&a.ue.stub,lr:a.ue&&a.ue.lr,exec:a.ue&&a.ue.exec,ulh:[],cfa2:0},
H=a.ue_fpf?1:0,r=g.console,E=a.ue_sbl,J="beforeunload",s="navigator",y="sendBeacon",D;t.oid=A(t.id);t.lid=A(t.id);a.ue=t;a.ue._t0=a.ue.t0;a.ue.tagC=function(){var a={};return function(c){c&&(a[c]=1);c=[];for(var e in a)a.hasOwnProperty(e)&&c.push(e);return c}};a.ue.tag=a.ue.tagC();a.ue.ifr=g.top!==g.self||g.frameElement?1:0;ue.attach=z;ue.detach=F;ue.reset=function(d,c){d&&(a.ue_cel&&a.ue_cel.reset(),a.ue.t0=+new Date,a.ue.rid=d,a.ue.id=d,a.ue.fc_idx={},a.ue.viz=[])};a.uei=G;a.ueh=x;a.ues=f;a.uet=
u;a.uex=B;G()})(ue_csm,window);



(function(g){var a=g.ue;a.cv={};a.cv.scopes={};a.count=function(b,e,c){var d={},f=a.cv;d.counter=b;d.value=e;d.t=a.d();c&&c.scope&&(f=a.cv.scopes[c.scope]=a.cv.scopes[c.scope]||{},d.scope=c.scope);if(void 0===e)return f[b];f[b]=e;b=0;c&&c.bf&&(b=1);a.clog&&0===b?a.clog(d,"csmcount",{bf:b}):a.log&&a.log(d,"csmcount",{c:1,bf:b})};a.count("baselineCounter2",1)})(ue_csm);

var ue_hoe=+new Date();
</script>
<script>var aPageStart = (new Date()).getTime();</script><meta charset="utf-8">

    



    <link rel="dns-prefetch" href="//g-ecx.images-amazon.com">
    <link rel="dns-prefetch" href="//z-ecx.images-amazon.com">
    <link rel="dns-prefetch" href="//ecx.images-amazon.com">





    





    
    
    
    



  









    
















  
  



























  











    


    
    






































  



   
    


<!--  -->
<link rel="stylesheet" href="http://z-ecx.images-amazon.com/images/I/61cAIQsR7nL._RC|01h78L-cgLL.css,21e1xEhXt1L.css,118pQdz77VL.css_.css#AUIClients/NavDesktopMetaAsset" />

























<link rel="stylesheet" href="http://z-ecx.images-amazon.com/images/G/01/AUIClients/AmazonUI-f28e5b0187075e51333d2b1d2c00acf2318fc9f3._V2_.css#AUIClients/AmazonUI.rendering_engine-not-trident.udp_amznjq_shim.min" />
<link rel="stylesheet" href="http://z-ecx.images-amazon.com/images/I/61AZKC0LVzL._RC|213-eBzDVcL.css,314+J0G-4bL.css,11FgAc1zMiL.css,01tbYi0NqvL.css,21e-Ab7SQHL.css,113FuDtwChL.css,21xaajvpfWL.css,01RSPSfDB5L.css,11xRy3bSkOL.css,01QUs5FVXoL.css,01hvfEvfPgL.css,51LVhCKskuL.css,01aViOmOIXL.css,112oyEpVpwL.css,41A3MwXNi4L.css,01GT2VH57dL.css,21Rjwbph1AL.css,215zZvgXb+L.css,01rgQ3jqo7L.css,11eUPNzJArL.css_.css#AUIClients/HardlinesDetailPageMetaAsset" />
<link rel="stylesheet" href="http://z-ecx.images-amazon.com/images/G/01/AUIClients/AmazonCustomBuyBoxAssets-3522cc9d571332bfe8223eaf2a7a18cbefc87d56._V2_.css#AUIClients/AmazonCustomBuyBoxAssets.min" />



<script>
(function(n,r,v,h){function m(a,b){G&&G.count&&G.count("aui:"+a,0===b?0:b||(G.count("aui:"+a)||0)+1)}function l(a){try{return a.test(navigator.userAgent)}catch(b){return!1}}function k(a,b,c){a.addEventListener?a.addEventListener(b,c,!1):a.attachEvent&&a.attachEvent("on"+b,c)}function g(a,b,c,d){b=b&&c?b+a+c:b||c;return d?g(a,b,d):b}function f(a,b,c){try{Object.defineProperty(a,b,{value:c,writable:!1})}catch(d){a[b]=c}return c}function d(){return setTimeout(K,0)}function c(a,b){var c=a.length,e=c,
f=function(){e--||(H.push(b),I||(d(),I=!0))};for(f();c--;)L[a[c]]?f():(B[a[c]]=B[a[c]]||[]).push(f)}function b(a,b,c,d){var e=r.createElement(a?"script":"link");k(e,"error",d);if(a){e.type="text/javascript";e.async=!0;if(a=c)a=-1!==b.indexOf("images/I")||/AUIClients/.test(b);a&&e.setAttribute("crossorigin","anonymous");e.src=b}else e.rel="stylesheet",e.href=b;r.getElementsByTagName("head")[0].appendChild(e)}function a(a,c){return function(d){function e(){b(c,d,f,function(b){M?m("resource_unload"):
f?(f=!1,m("resource_retry"),e()):(m("resource_error"),a.log("Asset failed to load: "+d));b&&b.stopPropagation?b.stopPropagation():n.event&&(n.event.cancelBubble=!0)})}if(J[d])return!1;J[d]=!0;m("resource_count");var f=!0;return!e()}}function e(a,b,d,e,f){return function(k,l){function m(){for(var a=[],c=0;c<r.length;c++)a[c]=p.hasOwnProperty(r[c])?p[r[c]]:h;c=null;e?c=l:"function"===typeof l&&(u.start=E(),c=l.apply(n,a),u.end=E());if(b){p[k]=c;a=k;for(L[a]=!0;(B[a]||[]).length;)B[a].shift()();delete B[a]}u.done=
!0}var q=f||this;"function"===typeof k?(l=k,k=h):(k=k.replace(/^prv:/,""),p.hasOwnProperty(k)&&q.error(g(" @ ","Component already registered",k),k),p[k]=h);for(var r=[],t=0;t<a.length;t++)r[t]=a[t].replace(/^prv:/,"");var u=N[k]={depend:r,registered:E()};d?m():c(r,q.guardFatal(k,m))}}function q(a){return function(){return{execute:e(arguments,!1,a,!1,this),register:e(arguments,!0,a,!1,this)}}}function t(a,b){return function(c,d){d||(d=c,c=h);return function(){U.push({attribution:a,name:c,logLevel:b});
var e=d.apply(this,arguments);U.pop();return e}}}function x(b,c){function d(a,c,e,f){return n.ueLogError?(c={message:c,logLevel:e||"ERROR",attribution:g(":",b,f)},n.ueLogError(a||c,a?c:null),!0):!1}this.log=function(a,b,c){return d(null,a,b,c)};this.logError=d;this.error=function(a,c,d,e){a=Error(g(":",e,a,d));a.attribution=g(":",b,c);throw a;};this.guardError=t(b);this.guardFatal=t(b,"FATAL");this.load={js:a(this,!0),css:a(this)};f(this,"namespace",c)}function y(){r.body?ha.trigger("a-bodyBegin"):
setTimeout(y,20)}function u(a,b){for(var c=a.className.split(" "),d=c.length;d--;)if(c[d]===b)return;a.className+=" "+b}function w(a,b){for(var c=a.className.split(" "),d=[],e;(e=c.pop())!==h;)e&&e!==b&&d.push(e);a.className=d.join(" ")}function A(a){try{return a()}catch(b){return!1}}function z(){if(Y){var a=n.innerWidth?{w:n.innerWidth,h:n.innerHeight}:{w:S.clientWidth,h:S.clientHeight},b=!1;5<Math.abs(a.w-sa.w)||50<a.h-sa.h?(sa=a,ma=4,(b=ua.mobile||ua.tablet?a.w>a.h:1250<=a.w)?u(S,"a-ws"):w(S,"a-ws")):
ma--&&(ia=setTimeout(z,16))}}function C(a){(Y=a===h?!Y:!!a)&&z()}function F(){return Y}var D=n.AmazonUIPageJS||n.P;if(D&&D.when&&D.register)throw Error("A copy of P has already been loaded on this page.");var G=n.ue;G&&G.tag&&(G.tag("aui"),G.tag("aui:aui_build_date:3.16.6.4-2016-05-10"));var E=v.now=v.now||function(){return+new v},H=[],I=!1,K;K=function(){for(var a=d(),b=E();H.length;)if(H.shift()(),50<E()-b)return;clearTimeout(a);I=!1};l(/OS 6_[0-9]+ like Mac OS X/i)&&k(n,"scroll",d);
var L={},B={},J={},M=!1;k(n,"beforeunload",function(){M=!0;setTimeout(function(){M=!1},1E4)});var p={},N={},U=[],la=n.onerror;n.onerror=function(a,b,c,d,e){e&&"object"===typeof e||(e=Error(a,b,c),e.columnNumber=d,e.stack=b||c||d?g(String.fromCharCode(92),e.message,"at "+g(":",b,c,d)):h);var f=U.pop()||{};e.attribution=g(":",e.attribution||f.attribution,f.name);e.logLevel=f.logLevel;e.attribution&&console&&console.log&&console.log([e.logLevel||"ERROR",a,"thrown by",e.attribution].join(" "));U=[];la&&
(f=[].slice.call(arguments),f[4]=e,la.apply(n,f))};x.prototype={declare:e([],!0,!0,!0),register:e([],!0),execute:e([]),AUI_BUILD_DATE:"3.16.6.4-2016-05-10",when:q(),now:q(!0),trigger:function(a,b){var c=E();this.declare(a,{data:b,pageElapsedTime:c-(n.aPageStart||NaN),triggerTime:c})},handleTriggers:function(){this.log("handleTriggers deprecated")},attributeErrors:function(a){return new x(a)},_namespace:function(a,b){return new x(a,b)}};var ha=f(n,"AmazonUIPageJS",new x);ha._namespace("PageJS","AmazonUI").declare("prv:p-debug",
N);ha.declare("p-recorder-events",[]);ha.declare("p-recorder-stop",function(){});f(n,"P",ha);y();if(r.addEventListener){var aa;r.addEventListener("DOMContentLoaded",aa=function(){ha.trigger("a-domready");r.removeEventListener("DOMContentLoaded",aa,!1)},!1)}var S=r.documentElement,Z=function(){var a=["O","ms","Moz","Webkit"],b=r.createElement("div");return{testGradients:function(){b.style.cssText=("background-image:-webkit-gradient(linear,left top,right bottom,from(#9f9),to(white));background-image:"+
a.join("linear-gradient(left top,#9f9, white);background-image:")).slice(0,-17);return-1<b.style.backgroundImage.indexOf("gradient")},test:function(c){var d=c.charAt(0).toUpperCase()+c.substr(1);c=(a.join(d+" ")+d+" "+c).split(" ");for(d=c.length;d--;)if(""===b.style[c[d]])return!0;return!1},testTransform3d:function(){var a=!1;n.matchMedia&&(a=n.matchMedia("(-webkit-transform-3d)").matches);return a}}}(),D=S.className,na=/(^| )a-mobile( |$)/.test(D),ta=/(^| )a-tablet( |$)/.test(D),ua={audio:function(){return!!r.createElement("audio").canPlayType},
video:function(){return!!r.createElement("video").canPlayType},canvas:function(){return!!r.createElement("canvas").getContext},svg:function(){return!!r.createElementNS&&!!r.createElementNS("http://www.w3.org/2000/svg","svg").createSVGRect},offline:function(){return navigator.hasOwnProperty&&navigator.hasOwnProperty("onLine")&&navigator.onLine},dragDrop:function(){return"draggable"in r.createElement("span")},geolocation:function(){return!!navigator.geolocation},history:function(){return!(!n.history||
!n.history.pushState)},webworker:function(){return!!n.Worker},autofocus:function(){return"autofocus"in r.createElement("input")},inputPlaceholder:function(){return"placeholder"in r.createElement("input")},textareaPlaceholder:function(){return"placeholder"in r.createElement("textarea")},localStorage:function(){return"localStorage"in n&&null!==n.localStorage},orientation:function(){return"orientation"in n},touch:function(){return"ontouchend"in r},gradients:function(){return Z.testGradients()},hires:function(){var a=
n.devicePixelRatio&&1.5<=n.devicePixelRatio||n.matchMedia&&n.matchMedia("(min-resolution:144dpi)").matches;m("hiRes"+(na?"Mobile":ta?"Tablet":"Desktop"),a?1:0);return a},transform3d:function(){return Z.testTransform3d()},touchScrolling:function(){return l(/Windowshop|android.([3-9]|[L-Z])|OS ([5-9]|[1-9][0-9]+)(_[0-9]{1,2})+ like Mac OS X|Chrome|Silk|Firefox|Trident.+?; Touch/i)},ios:function(){return l(/OS [1-9][0-9]*(_[0-9]*)+ like Mac OS X/i)},android:function(){return l(/android.([1-9]|[L-Z])/i)&&
!l(/trident/i)},mobile:function(){return na},tablet:function(){return ta}},ca;for(ca in ua)ua.hasOwnProperty(ca)&&(ua[ca]=A(ua[ca]));for(var P="textShadow textStroke boxShadow borderRadius borderImage opacity transform transition".split(" "),ba=0;ba<P.length;ba++)ua[P[ba]]=A(function(){return Z.test(P[ba])});var Y=!0,ia=0,sa={w:0,h:0},ma=4;z();k(n,"resize",function(){clearTimeout(ia);ma=4;z()});w(S,"a-no-js");u(S,"a-js");D=[];for(ca in ua)ua.hasOwnProperty(ca)&&ua[ca]&&D.push("a-"+ca.replace(/([A-Z])/g,
function(a){return"-"+a.toLowerCase()}));u(S,D.join(" "));S.setAttribute("data-aui-build-date","3.16.6.4-2016-05-10");ha.register("p-detect",function(){return{capabilities:ua,toggleResponsiveGrid:C,responsiveGridEnabled:F}});ha.declare("a-event-revised-handling",!1)})(window,document,Date);
</script>
<script>
(window.AmazonUIPageJS ? AmazonUIPageJS : P).when('atf').execute(function() {
  (window.AmazonUIPageJS ? AmazonUIPageJS : P).load.js('http://z-ecx.images-amazon.com/images/G/01/AUIClients/AmazonUI-46b350ce7918729a03740727676b761a9c8addac._V2_.js#AUIClients/AmazonUI.rendering_engine-not-trident.udp_amznjq_shim.min');
});
(window.AmazonUIPageJS ? AmazonUIPageJS : P).when('atf').execute(function() {
  (window.AmazonUIPageJS ? AmazonUIPageJS : P).load.js('http://z-ecx.images-amazon.com/images/I/31yw-xUfw0L._RC|21T+wghIdtL.js,210750+VhVL.js,01lJcYXHevL.js,3124FsDTcjL.js,41HM1xUVkGL.js,31kvGL5KPxL.js,41tq9fIxLyL.js,21lI163BfyL.js,01dxEvVBUeL.js,112IXy0KrSL.js,01DdN5HYGpL.js,71ubm0m2bPL.js,51HOwnzg8NL.js,11B-6oFpmdL.js,31wu56JnmKL.js,01STS3QrYuL.js,01tmPUPXtdL.js,61Q5kcjylNL.js,01zUvGCQbPL.js,01X5C8pWB1L.js,01LHJt5PiyL.js,01f61VgJGUL.js,31oxXsLwgnL.js,01YVu6IzvIL.js,21xCmH2zwZL.js,0193uyIciNL.js,31VReWMQSPL.js_.js#AUIClients/HardlinesDetailPageMetaAsset');
});
(window.AmazonUIPageJS ? AmazonUIPageJS : P).when('atf').execute(function() {
  (window.AmazonUIPageJS ? AmazonUIPageJS : P).load.js('http://z-ecx.images-amazon.com/images/G/01/AUIClients/AmazonCustomBuyBoxAssets-f7b2de0c7ceed99739c4a91311b728c5b0c63bfa._V2_.js#AUIClients/AmazonCustomBuyBoxAssets.min');
});
</script>







    


 


    
    



      


    
    










        

















 
 
 











      













  
  












    
    
      



    

    
    



        
    





  


    












<style type="text/css">

  #cm_cr_dpwidget .a-size-micro {
    font-size: 9px;
  } 

  #cm_cr_dpwidget .c7yTopDownDashedStrike {
    border-top: 1px dashed #A9A9A9;
    border-bottom: 1px dashed #A9A9A9;
  }

  #cm_cr_dpwidget .c7yBadgeAUI {
    text-transform: uppercase;
    letter-spacing: 0.5px;
    padding: 2px;
    white-space: nowrap;
  }

</style>



<style type="text/css">.nav-sprite-v1 .nav-sprite, .nav-sprite-v1 .nav-icon {
  background-image: url(http://g-ecx.images-amazon.com/images/G/03/gno/sprites/global-sprite_bluebeacon-32-v1._CB295582946_.png);
  background-position: 0 1000px;
  background-repeat: repeat-x;
}
.nav-spinner {
  background-image: url(http://g-ecx.images-amazon.com/images/G/03/javascripts/lib/popover/images/snake._CB192194539_.gif);
  background-position: center center;
  background-repeat: no-repeat;
}
.nav-timeline-icon, .nav-access-image, .nav-timeline-prime-icon {
  background-image: url(http://g-ecx.images-amazon.com/images/G/03/gno/sprites/timeline_sprite_1x.png);
  background-repeat: no-repeat;
}



      
  
    .tagEdit {
      padding-bottom:4px;
      padding-top:4px;
    }

    .edit-tag {
      width: 155px;
      margin-left: 10px;
    }

    .list-tags {
      white-space: nowrap;
      padding: 1px 0px 0px 0px;
    }

   #suggest-table {
      display: none;
      position: absolute;
      z-index: 2;
      background-color: #fff;
      border: 1px solid #9ac;
    }

    #suggest-table tr td{
      color: #333;
      font: 11px Verdana, sans-serif;
      padding: 2px;
    }

    #suggest-table tr.hovered {
      color: #efedd4;
      background-color: #9ac;
    }

  
  .see-popular {
    padding: 1.3em 0 0 0;
  }

  .tag-cols {
    border-collapse: collapse;
  }

  .tag-cols td {
    vertical-align: top;
    width: 250px;
    padding-right: 30px;
  }

  .tag-cols .tag-row {
    padding: 0 0 7px 0px;
  }

  .tag-cols .see-all {
    white-space: nowrap;
    padding-top: 5px;
  }

  .tags-piles-feedback {
    display: none;
    color: #000;
    font-size: 0.9em;
    font-weight: bold;
    margin: 0px 0 0 0;
   }

  .tag-cols i {
    display: none;
    cursor: pointer;
    cursor: hand;
    float: left;
    font-style: normal;
    font-size: 0px;
    vertical-align: bottom;
    width: 16px;
    height: 16px;
    margin-top: 1px;
    margin-right: 3px;
  }

  .tag-cols .snake {
    display: block;
    background: url('http://g-ecx.images-amazon.com/images/G/03/x-locale/communities/tags/graysnake._CB192240190_.gif');
  }

  #tagContentHolder .tip {
    display: none;
    color: #999;
    font-size: 10px;
    padding-top: 0.25em;
  }

  #tagContentHolder .tip a {
    color: #999 !important;
    text-decoration: none !important;
    border-bottom: solid 1px #CCC;
  }

  .nowrap {
    white-space: nowrap;
  }

  #tgEnableVoting {
    display: none;
  }

  #tagContentHolder .count {
    color: #666;
    font-size: 10px;
    margin-left: 3px;
    white-space: nowrap;
  }

  .count.tgVoting {
    cursor: pointer;
  }

  .tgVoting .tgCounter {
    margin-right: 3px;
    border-bottom: 1px dashed #003399;
    color: #003399;
  }


.c2c-inline-sprite {
    display: -moz-inline-box;
    display: inline-block;
    margin: 0;padding: 0; 
    position: relative;
    overflow: hidden;
    vertical-align: middle;
    background-image: url(http://g-ecx.images-amazon.com/images/G/03/electronics/click2call/click2call-sprite._CB153403599_.png);
    background-repeat: no-repeat;
}
.c2c-inline-sprite span {
    position:absolute;
    top:-9999px;
}

.dp-call-me-button {
    width:52px;
    height:22px;
    background-position:0px -57px; 
}

#dp-c2c-phone-icon {
  background-image:url(http://g-ecx.images-amazon.com/images/G/03/electronics/click2call/sprite-click2call._CB135147448_.png);
  background-repeat:no-repeat;
  background-position: 0px 0px;
  width:36px;
  height:35px;
  float:left;
  margin-right:0.5em;
}   
#detailpage-click2call-table {
  padding: 5px 0;
}   

/* Different sprites/images used CSS Start */
.swSprite {background-image: url(http://g-ecx.images-amazon.com/images/G/03/common/sprites/sprite-site-wide._CB146303775_.png); }
.dpSprite {background-image: url(http://g-ecx.images-amazon.com/images/G/03/common/sprites/sprite-dp-2._CB380646105_.png); }
.wl-button-sprite {background-image: url(http://g-ecx.images-amazon.com/images/G/03/x-locale/communities/wishlist/add-to-wl-button-sprite.gif); }
.cBoxTL, .cBoxTR, .cBoxBL, .cBoxBR { background-image:url(http://g-ecx.images-amazon.com/images/G/03/common/sprites/sprite-site-wide-2._CB295586782_.png); }
.auiTestSprite { background: url(http://g-ecx.images-amazon.com/images/G/03/nav2/images/sprite-carousel-btns-stars2.png) no-repeat scroll 0 0 transparent; }
span.amtchelp { background: url(http://g-ecx.images-amazon.com/images/G/03/SellerForums/amz/images/help-16x16._CB339876337_.gif) no-repeat scroll right bottom transparent; }
.shuttleGradient { background: url(http://g-ecx.images-amazon.com/images/G/03/x-locale/communities/customerimage/shuttle-gradient._CB192239028_.gif); }
.twisterPopoverArrow { background: url(http://g-ecx.images-amazon.com/images/G/03/gateway/csw/tri-down._CB401957524_.png); }
#finderUpdateButton img, #finderShowMoreDevicesLink, #finderHideMoreDevicesLink {background-image: url(http://g-ecx.images-amazon.com/images/G/03/nav2/finders/finder-fits-sprites._CB156429345_.png);}
.cmtySprite { background-image: url(http://g-ecx.images-amazon.com/images/G/03/common/sprites/sprite-communities._CB388946692_.png); background-repeat: no-repeat; }

/* Different sprites/images used CSS End */



/* Best Seller Badging */


  .medSprite { background-image: url('http://g-ecx.images-amazon.com/images/G/03/common/sprites/sprite-media-platform._CB246955114_.png'); background-repeat: no-repeat; }

</style>













 
 




<link type='text/css' href='http://z-ecx.images-amazon.com/images/G/01/browser-scripts/de-site-wide-css-beacon/site-wide-6800426958._V1_.css' rel='stylesheet'>
<style type="text/css">

/* non-sprited */
.ap_popover_unsprited .ap_body   .ap_left   { background-image: url(http://g-ecx.images-amazon.com/images/G/01/javascripts/lib/popover/images/po_left_17._CB248144977_.png); }
.ap_popover_unsprited .ap_body   .ap_right  { background-image: url(http://g-ecx.images-amazon.com/images/G/01/javascripts/lib/popover/images/po_right_17._CB248144979_.png); }
.ap_popover_unsprited .ap_header .ap_left   { background-image: url(http://g-ecx.images-amazon.com/images/G/01/javascripts/lib/popover/images/po_top_left._CB265110087_.png); }
.ap_popover_unsprited .ap_header .ap_right  { background-image: url(http://g-ecx.images-amazon.com/images/G/01/javascripts/lib/popover/images/po_top_right._CB265110087_.png); }
.ap_popover_unsprited .ap_header .ap_middle { background-image: url(http://g-ecx.images-amazon.com/images/G/01/javascripts/lib/popover/images/po_top._CB265110086_.png); }
.ap_popover_unsprited .ap_footer .ap_left   { background-image: url(http://g-ecx.images-amazon.com/images/G/01/javascripts/lib/popover/images/po_bottom_left._CB265110084_.png); }
.ap_popover_unsprited .ap_footer .ap_right  { background-image: url(http://g-ecx.images-amazon.com/images/G/01/javascripts/lib/popover/images/po_bottom_right._CB265110087_.png); }
.ap_popover_unsprited .ap_footer .ap_middle { background-image: url(http://g-ecx.images-amazon.com/images/G/01/javascripts/lib/popover/images/po_bottom._CB265110084_.png); }

/* Everything else -- sprited */
.ap_popover_sprited .ap_body .ap_left, 
.ap_popover_sprited .ap_body .ap_right {
    background-image: url(http://g-ecx.images-amazon.com/images/G/01/javascripts/lib/popover/images/light/sprite-v._CB219326283_.png);
}


.ap_popover_sprited .ap_header .ap_left, 
.ap_popover_sprited .ap_header .ap_right,
.ap_popover_sprited .ap_header .ap_middle,
.ap_popover_sprited .ap_footer .ap_left, 
.ap_popover_sprited .ap_footer .ap_right,
.ap_popover_sprited .ap_footer .ap_middle,
.ap_popover_sprited .ap_closebutton {
    background-image: url(http://g-ecx.images-amazon.com/images/G/01/javascripts/lib/popover/images/light/sprite-h._CB219326280_.png);
}

.ap_popover_sprited .ap_body .ap_right-arrow, .ap_popover_sprited .ap_body .ap_left-arrow {
    background-image: url(http://g-ecx.images-amazon.com/images/G/01/javascripts/lib/popover/images/light/sprite-arrow-v._CB219326286_.png);
}

</style>


<script type="text/javascript">

var amznJQ,jQueryPatchIPadOffset=false;
(function() {
  function f(x) {return function(){x.push(arguments);}}
  function ch(y) {return String.fromCharCode(y);}
  var a=[],c=[],cs=[],d=[],l=[],o=[],s=[],p=[],t=[];
  amznJQ={
    _timesliceJS: false,
    _a:a,_c:c,_cs:cs,_d:d,_l:l,_o:o,_s:s,_pl:p,
    addLogical:f(l),
    addStyle:f(s),
    addPL:f(p),
    available:f(a),
    chars:{EOL:ch(10), SQUOTE:ch(39), DQUOTE:ch(34), BACKSLASH:ch(92), YEN:ch(165)},
    completedStage:f(cs),
    declareAvailable:f(d),
    onCompletion:f(c),
    onReady:f(o),
    strings:{}
  };
}());


</script>




<script language="Javascript1.1" type="text/javascript">
<!--
function amz_js_PopWin(url,name,options){
  var ContextWindow = window.open(url,name,options);
  ContextWindow.focus();
  return false;
}
//-->
</script>


        
        
    
        
        
        
        
            
        
        
        
            











<meta http-equiv="content-type" content="text/html; charset=iso-8859-15" />





<link rel="canonical" href="http://www.amazon.de/Aptamil-Kindermilch-Jahr-4er-Pack/dp/B00BSNACII" />
<meta name="description" content="Amazon.de: Aptamil Kindermilch 1+ ab 1 Jahr, 4er Pack (4 x 600 g) - Jetzt bestellen! Gro&szlig;e Auswahl &amp; schneller Versand." />
<meta name="title" content="Aptamil Kindermilch 1+ ab 1 Jahr, 4er Pack (4 x 600 g): Amazon.de: Lebensmittel &amp; Getränke" />

<meta name="keywords" content="Aptamil Kindermilch 1+ ab 1 Jahr, 4er Pack (4 x 600 g),Aptamil,602230,1. Geburtstag,Kind,Kleinkind,Milch,Milchgetränk" />
<title>Aptamil Kindermilch 1+ ab 1 Jahr, 4er Pack (4 x 600 g): Amazon.de: Lebensmittel &amp; Getränke</title>












<style type="text/css">

  #cm_cr_dpwidget .a-size-micro {
    font-size: 9px;
  } 

  #cm_cr_dpwidget .c7yTopDownDashedStrike {
    border-top: 1px dashed #A9A9A9;
    border-bottom: 1px dashed #A9A9A9;
  }

  #cm_cr_dpwidget .c7yBadgeAUI {
    text-transform: uppercase;
    letter-spacing: 0.5px;
    padding: 2px;
    white-space: nowrap;
  }

</style>



<script type="text/javascript">

// =============================================================================
// Function Class: Show/Hide product promotions & special offers link
// =============================================================================

function showElement(id) {
  var elm = document.getElementById(id);
  if (elm) {
    elm.style.visibility = 'visible';
    if (elm.getAttribute('name') == 'heroQuickPromoDiv') {
      elm.style.display = 'block';
    }
  }
}
function hideElement(id) {
  var elm = document.getElementById(id);
  if (elm) {
    elm.style.visibility = 'hidden';
    if (elm.getAttribute('name') == 'heroQuickPromoDiv') {
      elm.style.display = 'none';
    }
  }
}
function showHideElement(h_id, div_id) {
  var hiddenTag = document.getElementById(h_id);
  if (hiddenTag) {
    showElement(div_id);
  } else {
    hideElement(div_id);
  }
}

    if(typeof P === 'object' && typeof P.when === 'function'){
    P.register("isLazyLoadWeblabEnabled", function(){
        var  isWeblabEnabled = 1;
        return isWeblabEnabled;
      });
    }

	window.isBowserFeatureCleanup = 1;
	
var touchDeviceDetected = false;

var CSMReqs={af:{c:2,e:'amznJQ.AboveTheFold',p:'atf'},cf:{c:2,e:'amznJQ.criticalFeature',p:'cf'},x1:{c:1,p:'x1'},x2:{c:1,p:'x2'}};
function setCSMReq(a){
    a=a.toLowerCase();
    var b=CSMReqs[a];
    if(b&&--b.c==0){
        if(typeof uet=='function'){uet(a); (a == 'af') && (typeof replaceImg === 'function') && replaceImg();};
        if(b.e && window.amznJQ){amznJQ.completedStage(b.e);};
        if(typeof P != 'undefined'){
            P.register(b.p);
            if(a == 'af') {
                if(typeof uet === 'function') {
                    uet('bb', 'TwisterAUIWait', {wb: 1});
                }
            }
        };
    }
}
if(typeof P != 'undefined') {
    P.when('A').execute(function(A) {
        if(typeof uet === 'function') {
            uet('af', 'TwisterAUIWait', {wb: 1});
        }
    });
}

var addlongPoleTag = function(marker,customtag){
    marker=marker.toLowerCase();
    var b=CSMReqs[marker];
    if(b.c == 0){
        if(window.ue && typeof ue.tag === 'function') {
            ue.tag(customtag);
        }
    }
};

        window.isACRJumplLinkAnimated = 3;


var gbEnableTwisterJS  = 0;
var isTwisterPage = 0;
  isTwisterPage = 1;
</script>







<style type="text/css">

/* Override for Native DropDown changes */
     #twister .a-native-dropdown { display: inline; opacity:1; filter: alpha(opacity=100); z-index: auto; position: static; } #twister .a-dropdown-container span.a-button-dropdown { display: none !important }
     #buybox_feature_div .a-native-dropdown, #buybox .a-native-dropdown { opacity: 1; filter: alpha(opacity=100); z-index: auto; position: static; display: inline; font-weight: normal;}
     #buybox_feature_div label.a-native-dropdown, #buybox label.a-native-dropdown {padding-right: 5px;}
     #buybox_feature_div .a-dropdown-container .a-button-dropdown, #buybox .a-dropdown-container .a-button-dropdown  { display: none !important;}
     #buybox_feature_div #OneClickBox, #buybox #OneClickBox { text-align:center;}
     #buybox_feature_div #oneClickAvailable, #buybox #oneClickAvailable { text-align:center;}
     #defaultChildDropdown_feature_div .a-native-dropdown { display: inline;}
     #defaultChildDropdown_feature_div .a-dropdown-container .a-button-dropdown { display: none !important;}

</style>

<script type="text/javascript">


P.when("p-detect").execute(function() {
    var h = document.documentElement;
    h.className = h.className.replace(/(^|\b)a-touch(\b|$)/g,"");
});

window.weblabs = {};

</script>




    <script type="text/javascript">
(function(d,c){function f(a){b.push(a)}function e(a){if(a){var c=d.head||d.getElementsByTagName("head")[0]||d.documentElement,b=d.createElement("script");b.async="async";b.src=a;c.insertBefore(b,c.firstChild)}}function g(){ue.uels=e;for(var a=0;a<b.length;a++)e(b[a]);ue.deffered=1}var b=[];c.ue&&(ue.uels=f,c.ue.attach&&c.ue.attach("load",g))})(document,window);

if (window.ue && window.ue.uels) {
    ue.uels("http://z-ecx.images-amazon.com/images/G/01/AUIClients/ClientSideMetricsAUIJavascript-89bdab1e7aacdfd9eebad163e0e07ac988ed0cff._V2_.js");
}
ue_tbpv = 0;

(function(h,d){function e(c){c="";var b=a.isBFT?"b":"s",e=""+a.oid,d=""+a.lid,f=e;e!=d&&20==d.length&&(b+="a",f+="-"+d);a.tabid&&(c=a.tabid+"+");c+=b+"-"+f;c!=g&&100>c.length&&(g=c,document.cookie="csm-hit="+c+("|"+ +new Date)+l+"; path=/")}function m(){g=0}function k(b){!0===d[a.pageViz.propHid]?g=0:!1===d[a.pageViz.propHid]&&e({type:"visible"})}var l="; expires="+(new Date(+new Date+6048E5)).toGMTString(),g,b=h.ue_tbpv,a=h.ue||{},f=b&&a.pageViz&&a.pageViz.event&&a.pageViz.propHid;a.attach&&(a.attach("click",
e),a.attach("keyup",e),f&&4!=b&&5!=b||(a.attach("focus",e),a.attach("blur",m)),f&&a.attach(a.pageViz.event,k,d),!f||3!=b&&5!=b||k({}));a.aftb=1})(ue_csm,document);

(function(a){var b=a.alert;window.alert=function(){a.ueLogError&&a.ueLogError({message:"[CSM] Alert invocation detected with argument: "+arguments[0],logLevel:"WARN"});Function.prototype.apply.apply(b,[a,arguments||[]])}})(window);

(function(e,l,h){function m(a){c||(c=d[a.type].id,"undefined"===typeof a.clientX?(f=a.pageX,g=a.pageY):(f=a.clientX,g=a.clientY),2!=c||k&&(k!=f||n!=g)?(r(),e.ue_hi_err&&(b.hi=0!==c),b.isl&&l.setTimeout(function(){p("at",b.id)},0)):(k=f,n=g,c=0))}function r(){for(var a in d)d.hasOwnProperty(a)&&b.detach(a,m,d[a].parent)}function s(){for(var a in d)d.hasOwnProperty(a)&&b.attach(a,m,d[a].parent)}function t(){var a="";!q&&c&&(q=1,a+="&ui="+c);return a}var b=e.ue,p=e.uex,q=0,c=0,k,n,f,g,d={click:{id:1,
parent:h},mousemove:{id:2,parent:h},scroll:{id:3,parent:l},keydown:{id:4,parent:h}};b&&p&&(s(),b._ui=t,e.ue_hi_err&&(b.hi=!1))})(ue_csm,window,document);

ue_csm.ue.stub(ue,"impression");

</script>
</head>  

    <body id="dp" class="grocery de_DE a-auix_ux_57388-c a-auix_ux_63571-c a-aui_51744-c a-aui_57326-c a-aui_58736-c a-aui_accessibility_49860-c a-aui_attr_validations_1_51371-c a-aui_bolt_62845-c a-aui_ux_49594-t1 a-aui_ux_56217-c a-aui_ux_59374-c a-aui_ux_60000-c"><div style='display:none;visibility:hidden;'>
    <img src='//fls-eu.amazon.de/1/batch/1/OP/A1PA6795UKMFR9:278-8288477-3349315:0WSYMHX46SV2Y1P04DFY$uedata=s:%2Fdp%2FB00BSNACII%2Fuedata%2Funsticky%2F278-8288477-3349315%2FDetail%2Fntpoffrw%3Fstaticb%26id%3D0WSYMHX46SV2Y1P04DFY%26pty%3DCheckoutPrefetch%26spty%3Dprefetch-assets%26pti%3D:1000' />


</div>
<div id="a-page"><script type="a-state" data-a-state="{&quot;key&quot;:&quot;a-wlab-states&quot;}">{"AUIX_UX_57388":null,"AUIX_UX_63571":null,"AUI_51744":"C","AUI_57326":null,"AUI_58736":null,"AUI_ACCESSIBILITY_49860":null,"AUI_ATTR_VALIDATIONS_1_51371":null,"AUI_BOLT_62845":null,"AUI_UX_49594":"T1","AUI_UX_56217":"C","AUI_UX_59374":null,"AUI_UX_60000":null}</script>

<script> (typeof uet === 'function') && uet('bb') </script>


         






<script type="text/javascript">

  if(typeof P !== "undefined" && typeof P.when === "function"){
    P.when('cf').execute(function() {
          P.when('navbarJS-jQuery').execute(function(){});
  P.when('finderFitsJS').execute(function(){});
  P.when('twister').execute(function(){});
  P.when('swfjs').execute(function(){});

    });
  }
</script>


<!-- BeginNav --><!--  -->
<script>
(window.AmazonUIPageJS ? AmazonUIPageJS : P).when('navCF').execute(function() {
  (window.AmazonUIPageJS ? AmazonUIPageJS : P).load.js('http://z-ecx.images-amazon.com/images/I/01YAhwn3AyL._RC|71RixZdXwXL.js,51hXuaB2fiL.js,01A18a0oAWL.js,31KWPx5AjmL.js,01wBjiz9OvL.js_.js#AUIClients/NavDesktopMetaAsset');
});
</script>
<!-- From remote config v3-->
<script type="text/javascript">
(function(d){document.createElement("header");function b(e){return[].slice.call(e)}function c(f,e){return{m:f,a:b(e)}}var a=function(f){var g={};g._sourceName=f;g._replay=[];g.getNow=function(i,h){return h};function e(i,h,j){i[j]=function(){g._replay.push(h.concat(c(j,arguments)))}}g.when=function(){var i=[c("when",arguments)];var h={};e(h,i,"run");e(h,i,"declare");e(h,i,"publish");e(h,i,"build");return h};e(g,[],"declare");e(g,[],"build");e(g,[],"publish");e(g,[],"importEvent");a._shims.push(g);return g};a._shims=[];if(!d.$Nav){d.$Nav=a("rcx-nav")}if(!d.$Nav.make){d.$Nav.make=a}}(window));
$Nav.importEvent('navbarJS-beaconbelt');
$Nav.declare('img.sprite', {
  'png8': 'http://g-ecx.images-amazon.com/images/G/03/gno/sprites/global-sprite_bluebeacon-v1._CB308131311_.png',
  'png32': 'http://g-ecx.images-amazon.com/images/G/03/gno/sprites/global-sprite_bluebeacon-32-v1._CB295582946_.png',
  'png32-2x': 'http://g-ecx.images-amazon.com/images/G/03/gno/sprites/global-sprite_bluebeacon-32-2x-v1._CB295582973_.png'
});
$Nav.declare('img.timeline', {
  'timeline-icon-2x': 'http://g-ecx.images-amazon.com/images/G/03/gno/sprites/timeline_sprite_2x.png'
});
$Nav.declare('img.gifting', {
  'gifting-image-2x': 'http://g-ecx.images-amazon.com/images/G/03/gno/gifting/gifting_flyout_2x.jpg'
});
$Nav.declare('img.prime', {
  'prime_music_image_2x': 'http://g-ecx.images-amazon.com/images/G/03/gno/prime/prime_music_2x.jpg',
  'prime_shipping_image_2x': 'http://g-ecx.images-amazon.com/images/G/03/gno/prime/prime_shipping_2x.jpg',
  'prime_video_image_2x': 'http://g-ecx.images-amazon.com/images/G/03/gno/prime/prime_video_2x.jpg',
  'prime_rec_left_image_2x': 'http://g-ecx.images-amazon.com/images/G/03/gno/prime/prime_rec_left_2x.jpg'
});
window._navbarSpriteUrl = 'http://g-ecx.images-amazon.com/images/G/03/gno/sprites/global-sprite_bluebeacon-32-v1._CB295582946_.png';
$Nav.declare('img.pixel', 'http://g-ecx.images-amazon.com/images/G/03/x-locale/common/transparent-pixel._CB386942701_.gif');
</script>
<img src="http://g-ecx.images-amazon.com/images/G/03/gno/sprites/global-sprite_bluebeacon-32-v1._CB295582946_.png" style="display:none" alt=""/>
<!--[if IE 6]>
<style type="text/css"><!--
  #navbar.nav-sprite-v3 .nav-sprite {
    background-image: url(http://g-ecx.images-amazon.com/images/G/03/gno/sprites/global-sprite_bluebeacon-v1._CB308131311_.png);
  }
--></style>
<![endif]-->






















<!--Pilu -->

<script type='text/javascript'>
window.uet && uet('ns');

window._navbar = (function (o) {
  o.componentLoaded = o.loading = function(){};
  o.browsepromos = {};
  o.issPromos = [];
  return o;
}(window._navbar || {}));

window._navbar.declareOnLoad = function () { window.$Nav && $Nav.declare('page.load'); };
if (window.addEventListener) {
  window.addEventListener("load", window._navbar.declareOnLoad, false);
} else if (window.attachEvent) {
  window.attachEvent("onload", window._navbar.declareOnLoad);
} else if (window.$Nav) {
  $Nav.when('page.domReady').run("OnloadFallbackSetup", function () {
    window._navbar.declareOnLoad();
  });
}

window.$Nav && $Nav.declare('logEvent.enabled',
  false);


window.$Nav && $Nav.declare('config.lightningDeals',{});
window.$Nav && $Nav.declare('config.swmStyleData',{});
window.$Nav && $Nav.declare('config.ajaxProximity', [141,7,60,150]);

</script>

<script type='text/javascript'>window.$Nav && $Nav.when('$','$F','config','logEvent','panels','phoneHome','dataPanel','flyouts.renderPromo','flyouts.sloppyTrigger','flyouts.accessibility','util.mouseOut','util.onKey','debug.param').build('flyouts.buildSubPanels',function($,$F,config,logEvent,panels,phoneHome,dataPanel,renderPromo,createSloppyTrigger,a11yHandler,mouseOutUtility,onKey,debugParam){var flyoutDebug=debugParam('navFlyoutClick');return function(flyout,event){var linkKeys=[];$('.nav-item',flyout.elem()).each(function(){var $item=$(this);linkKeys.push({link:$item,panelKey:$item.attr('data-nav-panelkey')});});if(linkKeys.length===0){return;} var visible=false;var $parent=$('<div class=\'nav-subcats\'></div>').appendTo(flyout.elem());var panelGroup=flyout.getName()+'SubCats';var hideTimeout=null;var sloppyTrigger=createSloppyTrigger($parent);var showParent=function(){if(hideTimeout){clearTimeout(hideTimeout);hideTimeout=null;} if(visible){return;} var height=$('#nav-flyout-shopAll').height();$parent.animate({width:'show'},{duration:200,complete:function(){$parent.css({overflow:'visible','height':height});}});visible=true;};var hideParentNow=function(){$parent.stop().css({overflow:'hidden',display:'none',width:'auto',height:'auto'});panels.hideAll({group:panelGroup});visible=false;if(hideTimeout){clearTimeout(hideTimeout);hideTimeout=null;}};var hideParent=function(){if(!visible){return;} if(hideTimeout){clearTimeout(hideTimeout);hideTimeout=null;} hideTimeout=setTimeout(hideParentNow,10);};flyout.onHide(function(){sloppyTrigger.disable();hideParentNow();this.elem().hide();});var addPanel=function($link,panelKey){var panel=dataPanel({className:'nav-subcat',dataKey:panelKey,groups:[panelGroup],spinner:false,visible:false});if(!flyoutDebug){var mouseout=mouseOutUtility();mouseout.add(flyout.elem());mouseout.action(function(){panel.hide();});mouseout.enable();} var a11y=a11yHandler({link:$link,onEscape:function(){panel.hide();$link.focus();}});var logPanelInteraction=function(promoID,wlTriggers){var logNow=$F.once().on(function(){var panelEvent=$.extend({},event,{id:promoID});if(config.browsePromos&&!!config.browsePromos[promoID]){panelEvent.bp=1;} logEvent(panelEvent);phoneHome.trigger(wlTriggers);});if(panel.isVisible()&&panel.hasInteracted()){logNow();}else{panel.onInteract(logNow);}};panel.onData(function(data){renderPromo(data.promoID,panel.elem());logPanelInteraction(data.promoID,data.wlTriggers);});panel.onShow(function(){var columnCount=$('.nav-column',panel.elem()).length;panel.elem().addClass('nav-colcount-'+columnCount);showParent();var $subCatLinks=$('.nav-subcat-links > a',panel.elem());var length=$subCatLinks.length;if(length>0){var firstElementLeftPos=$subCatLinks.eq(0).offset().left;for(var i=1;i<length;i++){if(firstElementLeftPos===$subCatLinks.eq(i).offset().left){$subCatLinks.eq(i).addClass('nav_linestart');}} if($('span.nav-title.nav-item',panel.elem()).length===0){var catTitle=$.trim($link.html());catTitle=catTitle.replace(/ref=sa_menu_top/g,'ref=sa_menu');var $subPanelTitle=$('<span class=\'nav-title nav-item\'>'+ catTitle+'</span>');panel.elem().prepend($subPanelTitle);}} $link.addClass('nav-active');});panel.onHide(function(){$link.removeClass('nav-active');hideParent();a11y.disable();});panel.onShow(function(){a11y.elems($('a, area',panel.elem()));});sloppyTrigger.register($link,panel);if(flyoutDebug){$link.click(function(){if(panel.isVisible()){panel.hide();}else{panel.show();}});} var panelKeyHandler=onKey($link,function(){if(this.isEnter()||this.isSpace()){panel.show();}},'keydown',false);$link.focus(function(){panelKeyHandler.bind();}).blur(function(){panelKeyHandler.unbind();});panel.elem().appendTo($parent);};var hideParentAndResetTrigger=function(){hideParent();sloppyTrigger.disable();};for(var i=0;i<linkKeys.length;i++){var item=linkKeys[i];if(item.panelKey){addPanel(item.link,item.panelKey);}else{item.link.mouseover(hideParentAndResetTrigger);}}};}); window.$Nav && window.$Nav.when("$","subnav.initFlyouts","constants","nav.inline").build("subnav.builder",function(a,t,e){var n=a("#navbar");return function(s){var r=a("#nav-subnav");if(0===r.length&&(r=a("<div id='nav-subnav'></div>").appendTo("#navbar")),r.html(""),n.removeClass("nav-subnav"),s.categoryKey&&s.digest){r.attr("data-category",s.categoryKey).attr("data-digest",s.digest).attr("class",s.category.data.categoryStyle),s.style?r.attr("style",s.style):r.attr("style")&&r.removeAttr("style");var i=function(t){if(t&&t.href){var n="nav-a",s=t.text,i=t.dataKey;if(!s&&!t.image){if(!i||0!==i.indexOf(e.ADVANCED_PREFIX))return;s="",n+=" nav-aText"}var d=t.image?"<img src='"+t.image+"'class='nav-categ-image' ></a>":s,l=a("<a href='"+t.href+"' class='"+n+"'></a>"),v=a("<span class='nav-a-content'>"+d+"</span>");if("image"===t.type&&(v.html(""),l.addClass("nav-hasImage"),t.rightText=""),t.bold&&!t.image&&l.addClass("nav-b"),t.floatRight&&l.addClass("nav-right"),t.flyoutFullWidth&&"0"!==t.flyoutFullWidth&&l.attr("data-nav-flyout-full-width","1"),t.src){var g=["nav-image"];t["absolute-right"]&&g.push("nav-image-abs-right"),t["absolute-right"]&&g.push("nav-image-abs-right"),a("<img src='"+t.src+"' class='"+g.join(" ")+"' alt='"+(t.alt||"")+"' />").appendTo(v)}t.rightText&&v.append(t.rightText),v.appendTo(l),i&&(a("<span class='nav-arrow'></span>").appendTo(l),l.attr("data-nav-key",i).addClass("nav-hasArrow")),l.appendTo(r),r.append(document.createTextNode(" "))}};if(s.category&&s.category.data&&(s.category.data.bold=!0,i(s.category.data)),s.subnav&&"linkSequence"===s.subnav.type)for(var d=0;d<s.subnav.data.length;d++)i(s.subnav.data[d]);n.addClass("nav-subnav"),t()}}});</script><style type='text/css'>div#navSwmHoliday.nav-focus {border: none;margin: 0;}</style>

<!-- navp-APHzMCzxgHHPUc3v56ydc4GXQElijKklf1cVf9FSKtnfOsYFUPCLVWkD7RzHQrFkMNXsDfD2IhY= rid-0WSYMHX46SV2Y1P04DFY (Tue May 24 09:43:08 2016) -->




<![if gt IE 6]><noscript><![endif]>
<style type="text/css"><!--
  #navbar #nav-shop .nav-a:hover {
    color: #ff9900;
    text-decoration: underline;
  }
  #navbar #nav-search .nav-search-facade,
  #navbar #nav-tools .nav-icon,
  #navbar #nav-shop .nav-icon,
  #navbar #nav-subnav .nav-hasArrow .nav-arrow {
    display: none;
  }
  #navbar #nav-search .nav-search-submit,
  #navbar #nav-search .nav-search-scope {
    display: block;
  }
  #nav-search .nav-search-scope {
    padding: 0 5px;
  }
  #navbar #nav-search .nav-search-dropdown {
    position: relative;
    top: 5px;
    height: 23px;
    font-size: 14px;
    opacity: 1;
    filter: alpha(opacity = 100);
  }
--></style>
<![if gt IE 6]></noscript><![endif]>



<a id="nav-top"></a>







<header class='nav-locale-de nav-lang-de nav-unrec'>
  <div id='navbar' role="navigation" class='nav-sprite-v1 nav-bluebeacon nav-subnav'>
    
    
    <div id='nav-belt'>
      <div class='nav-left'>
        
<div id='nav-logo' >
  <a href="/ref=nav_logo/278-8288477-3349315"
    class='nav-logo-link' 
    tabindex="2"
  >
    <span class='nav-logo-base nav-sprite'>Amazon.de</span>
    <span class='nav-logo-ext nav-sprite'></span>
    <span class='nav-logo-locale nav-sprite'></span>
  </a>

  <a href="/gp/prime/ref=nav_logo_prime_join/278-8288477-3349315" aria-label="" tabindex="3" class='nav-logo-tagline nav-sprite nav-prime-try' >
    Prime testen
  </a>

  
</div>


      </div>
      <div class='nav-right'>
        

  <div id='nav-swmslot'>
    <div id="navSwmHoliday" style="background-image: url(http://g-ecx.images-amazon.com/images/G/03/marketing/prime/onsite/SWM/de_prime_10-04-15_desktop_swms_400x39_1._CB308247606_.png); width: 400px; height: 39px; overflow: hidden;position: relative;"><img alt='Prime' src='http://g-ecx.images-amazon.com/images/G/03/x-locale/common/transparent-pixel._CB386942701_.gif' border='0' width='400px' height='39px' usemap='#nav-swm-holiday-map' /></div><div style="display: none;"><map id="nav-swm-holiday-map" name="nav-swm-holiday-map"><area shape="rect" coords="1,2,400,39" href ="https://www.amazon.de:443/gp/redirect.html/ref=Prime_de_swm_unrecog?ie=UTF8&location=https%3A%2F%2Fwww.amazon.de%2Fgp%2Fprime%2F%3Fref_%3DPrime_de_swm_unrecog&source=standards&token=09C6F2F9897CD5602DAB1E7E8DB6CAE889EFC345&pf_rd_p=910977947&pf_rd_s=nav-sitewide-msg&pf_rd_t=4201&pf_rd_i=navbar-4201&pf_rd_m=A3JWKAKR8XB7XF&pf_rd_r=0WSYMHX46SV2Y1P04DFY" alt ="Prime" /></map></div>
  </div>

      </div>
      <div class='nav-fill'>
        
<div id="nav-search">
  <div id="nav-bar-left"></div>
  <form accept-charset='utf-8' action='/s/ref=nb_sb_noss/278-8288477-3349315' class='nav-searchbar' method='GET' name='site-search' role='search'>
    <input type="hidden" name="__mk_de_DE" value="ÅMÅŽÕÑ" />
    <div class="nav-left">
      <div class="nav-search-scope nav-sprite">
        
<div class="nav-search-facade" data-value="search-alias=aps">
  <span class="nav-search-label">Lebensmittel & Getränke</span>
  <i class="nav-icon"></i>
</div>

        
<select class='nav-search-dropdown searchSelect' data-nav-digest='ZPesHFv7msevQtqeh6/XWRRz26Y' data-nav-selected='27' id='searchDropdownBox' name='url' tabindex='5' title='Suchen in'>
<option value='search-alias=aps'>Alle Kategorien</option>
<option value='search-alias=pantry'>Amazon Pantry</option>
<option value='search-alias=instant-video'>Amazon Video</option>
<option value='search-alias=mobile-apps'>Apps & Spiele</option>
<option value='search-alias=automotive'>Auto & Motorrad</option>
<option value='search-alias=baby'>Baby</option>
<option value='search-alias=diy'>Baumarkt</option>
<option value='search-alias=beauty'>Beauty</option>
<option value='search-alias=clothing'>Bekleidung</option>
<option value='search-alias=lighting'>Beleuchtung</option>
<option value='search-alias=stripbooks'>Bücher</option>
<option value='search-alias=office-products'>Bürobedarf & Schreibwaren</option>
<option value='search-alias=computers'>Computer & Zubehör</option>
<option value='search-alias=drugstore'>Drogerie & Körperpflege</option>
<option value='search-alias=dvd'>DVD & Blu-ray</option>
<option value='search-alias=appliances'>Elektro-Großgeräte</option>
<option value='search-alias=electronics'>Elektronik & Foto</option>
<option value='search-alias=english-books'>Fremdsprachige Bücher</option>
<option value='search-alias=videogames'>Games</option>
<option value='search-alias=outdoor'>Garten</option>
<option value='search-alias=gift-cards'>Geschenkgutscheine</option>
<option value='search-alias=pets'>Haustier</option>
<option value='search-alias=photo'>Kamera &amp; Foto</option>
<option value='search-alias=digital-text'>Kindle-Shop</option>
<option value='search-alias=classical'>Klassik</option>
<option value='search-alias=luggage'>Koffer, Rucksäcke & Taschen </option>
<option value='search-alias=kitchen'>Küche & Haushalt</option>
<option current='parent' selected='selected' value='search-alias=grocery'>Lebensmittel & Getränke</option>
<option value='search-alias=dvd-bypost'>LOVEFiLM DVD Verleih</option>
<option value='search-alias=popular'>Musik-CDs & Vinyl</option>
<option value='search-alias=digital-music'>Musik-Downloads</option>
<option value='search-alias=mi'>Musikinstrumente & DJ-Equipment</option>
<option value='search-alias=luxury-beauty'>Premium Beauty</option>
<option value='search-alias=jewelry'>Schmuck</option>
<option value='search-alias=shoes'>Schuhe & Handtaschen</option>
<option value='search-alias=software'>Software</option>
<option value='search-alias=toys'>Spielzeug</option>
<option value='search-alias=sports'>Sport & Freizeit</option>
<option value='search-alias=industrial'>Technik & Wissenschaft</option>
<option value='search-alias=watches'>Uhren</option>
<option value='search-alias=magazines'>Zeitschriften</option>
</select>


      </div>
    </div>
    <div class="nav-right">
      <div class="nav-search-submit nav-sprite">
        
<span id="nav-search-submit-text" class="nav-search-submit-text nav-sprite">Los</span>

        <input type="submit" class="nav-input" value="Los" tabindex="7"/>
      </div>
    </div>
    <div class="nav-fill">
      <div class="nav-search-field">
        <input type='text'
          id='twotabsearchtextbox'
          value=""
          name='field-keywords'
          autocomplete='off'
          class='nav-input'
          tabindex="6"
        >
      </div>
      <div id="nav-iss-attach"></div>
    </div>
  </form>
</div>

      </div>
    </div>
    <div id='nav-main' class='nav-sprite'>
      <div class='nav-left'>
        
<div id='nav-shop'>
  <a href='/gp/site-directory/ref=nav_shopall_btn/278-8288477-3349315' class='nav-a nav-a-2' id='nav-link-shopall' tabindex='10'><span class='nav-line-1'>Alle</span><span class='nav-line-2'>Kategorien<span class='nav-icon nav-arrow'></span></span></a>
</div>

      </div>
      <div class='nav-right'>
        




<div id='nav-tools'>
  <a href='https://www.amazon.de/gp/navigation/redirector.html/ref=sign-in-redirect/278-8288477-3349315?ie=UTF8&associationHandle=deflex&currentPageURL=https%3A%2F%2Fwww.amazon.de%2Fgp%2Fproduct%2FB00BSNACII%3Fie%3DUTF8%26ref_%3Dnav_ya_signin&pageType=Detail&yshURL=https%3A%2F%2Fwww.amazon.de%2Fgp%2Fyourstore%2Fhome%3Fie%3DUTF8%26ref_%3Dnav_ya_signin' class='nav-a nav-a-2' data-nav-ref='nav_ya_signin' data-nav-role='signin' id='nav-link-yourAccount' tabindex='25'><span class='nav-line-1'>Hallo! Anmelden</span><span class='nav-line-2'>Mein Konto<span class='nav-icon nav-arrow'></span></span></a><a href='/gp/prime/ref=nav_prime_try_btn/278-8288477-3349315' class='nav-a nav-a-2' id='nav-link-prime' tabindex='26'><span class='nav-line-1'>Testen Sie</span><span class='nav-line-2'>Prime<span class='nav-icon nav-arrow'></span></span></a><a href='/gp/registry/wishlist/ref=nav_wishlist_btn/278-8288477-3349315' class='nav-a nav-a-2' id='nav-link-wishlist' tabindex='27'><span class='nav-line-1'>Meine</span><span class='nav-line-2'>Listen<span class='nav-icon nav-arrow'></span></span></a><a href='https://www.amazon.de/gp/cart/view.html/ref=nav_cart/278-8288477-3349315' aria-label='0 Artikel in Einkaufswagen' class='nav-a nav-a-2' id='nav-cart' tabindex='28'><span aria-hidden='true' class='nav-line-1'>Einkaufs-</span><span aria-hidden='true' class='nav-line-2'>wagen<span class='nav-icon nav-arrow'></span></span><span class='nav-cart-icon nav-sprite'></span><span id='nav-cart-count' aria-hidden='true' class='nav-cart-count nav-cart-0'>0</span></a>
</div>

      </div>
      <div class='nav-fill'>
        <div id='nav-xshop-container' ><div id='nav-xshop'>
  
  

<a href='/gp/yourstore/home/ref=nav_cs_ys/278-8288477-3349315' data-nav-tabindex='5' class='nav-a nav_a' id='nav-your-amazon'>Mein Amazon</a><a href='/gp/angebote/ref=nav_cs_gb/278-8288477-3349315' class='nav-a' tabindex='17'>Angebote</a><a href='/Geschenkgutscheine/b/ref=nav_cs_gc/278-8288477-3349315?ie=UTF8&amp;node=1571256031' class='nav-a' tabindex='18'>Gutscheine</a><a href='/b/ref=nav_cs_sell/278-8288477-3349315?_encoding=UTF8&amp;ld=AZDEGNOSellC&amp;node=2383621031' class='nav-a' tabindex='19'>Verkaufen</a><a href='/gp/help/customer/display.html/ref=nav_cs_help/278-8288477-3349315?ie=UTF8&amp;nodeId=504874' class='nav-a' tabindex='20'>Hilfe</a><a href='/gp/switch-language/product/B00BSNACII/ref=cs_switchlang/278-8288477-3349315?ie=UTF8&language=en_GB&m=A3JWKAKR8XB7XF' data-nav-tabindex='5' class='nav-a nav_a' id='nav-your-amazon'>In English - Beta <span style="color: #e47911; font-size:0.8em; font-weight:bold;">NEW!</span></a>
</div></div>
      </div>
    </div>
    
    <div id='nav-subnav'  class="" data-category="grocery" data-digest="oUIgG1kkWfhlb7u6FDlgv7SV4cQ">
<a href='/Lebensmittel-Getr%C3%A4nke/b/ref=topnav_storetab_grocery/278-8288477-3349315?ie=UTF8&amp;node=340846031' class='nav-a nav-b'><span class="nav-a-content">Lebensmittel & Getränke</span></a> <a href='/Suessigkeiten-Schokolade/b/ref=sv_grocery_0/278-8288477-3349315?ie=UTF8&amp;node=358579031' class='nav-a'><span class="nav-a-content">Schokolade &amp; Süßigkeiten</span></a> <a href='/Kaffee-Tee/b/ref=sv_grocery_1/278-8288477-3349315?ie=UTF8&amp;node=358567031' class='nav-a'><span class="nav-a-content">Kaffee &amp; Tee</span></a> <a href='/Bier-Wein-Spirituosen/b/ref=sv_grocery_2/278-8288477-3349315?ie=UTF8&amp;node=358556031' class='nav-a'><span class="nav-a-content">Bier, Wein &amp; Spirituosen</span></a> <a href='/b/ref=sv_grocery_3/278-8288477-3349315?ie=UTF8&amp;node=9501653031' class='nav-a'><span class="nav-a-content">Bio &amp; Clean Eating</span></a> <a href='/amazon-pantry/b/ref=sv_grocery_4/278-8288477-3349315?ie=UTF8&amp;node=5787992031' class='nav-a'><span class="nav-a-content">Pantry</span></a> <a href='/b/ref=sv_grocery_5/278-8288477-3349315?ie=UTF8&amp;node=365206031' class='nav-a'><span class="nav-a-content">Spar-Abo</span></a> <a href='/b/ref=sv_grocery_6/278-8288477-3349315?ie=UTF8&amp;node=437584031' class='nav-a'><span class="nav-a-content">Angebote</span></a> <a href='/gp/bestsellers/grocery/ref=sv_grocery_7/278-8288477-3349315' class='nav-a'><span class="nav-a-content">Bestseller</span></a>       
      
    </div>

    
    
  </div>
  

</header>

<!-- nav promo cached -->


<map name="nav_imgmap_nav-sa-android" id="nav_imgmap_nav-sa-android">
<area shape="rect" coords="10,10,468,472" href="/b/ref=nav_sap_mas_Marty?ie=UTF8&node=6369057031&pf_rd_p=793281787&pf_rd_s=nav-sa-android&pf_rd_t=4201&pf_rd_i=navbar-4201&pf_rd_m=A1PA6795UKMFR9&pf_rd_r=15A6VV6RXFF7B8A954CZ" alt=""/>
</map>



<map name="nav_imgmap_nav-sa-apparel-shoes-watches" id="nav_imgmap_nav-sa-apparel-shoes-watches">
<area shape="rect" coords="1,1,472,460" href="/gp/b/ref=nav_sap_holidaypacklist?ie=UTF8&node=5866124031&pf_rd_p=921591667&pf_rd_s=nav-sa-apparel-shoes-watches&pf_rd_t=4201&pf_rd_i=navbar-4201&pf_rd_m=A1PA6795UKMFR9&pf_rd_r=15A6VV6RXFF7B8A954CZ" alt="holidaypacklist"/>
</map>



<map name="nav_imgmap_nav-sa-auto-bike" id="nav_imgmap_nav-sa-auto-bike">
<area shape="rect" coords="16,142,503,487" href="/Motorradreifen-Roller-Motorrad/b/ref=nav-sa-auto-bike?ie=UTF8&node=4606925031&pf_rd_p=912667227&pf_rd_s=nav-sa-auto-bike&pf_rd_t=4201&pf_rd_i=navbar-4201&pf_rd_m=A1PA6795UKMFR9&pf_rd_r=15A6VV6RXFF7B8A954CZ" alt="Hier klicken"/>
</map>



<map name="nav_imgmap_nav-sa-baby-kids-toys" id="nav_imgmap_nav-sa-baby-kids-toys">
<area shape="rect" coords="1,1,474,500" href="/b/ref=nav-sa-toys_197867747?_encoding=UTF8&node=360408031&pf_rd_p=890413167&pf_rd_s=nav-sa-baby-kids-toys&pf_rd_t=4201&pf_rd_i=navbar-4201&pf_rd_m=A1PA6795UKMFR9&pf_rd_r=15A6VV6RXFF7B8A954CZ" alt="Kinderfahrzeuge"/>
</map>



<map name="nav_imgmap_nav-sa-books" id="nav_imgmap_nav-sa-books">
<area shape="rect" coords="1,1,489,470" href="/fremdsprachige-englische-b%C3%83%C2%BCcher-english-books/b/ref=nav_sa_books_211656467?ie=UTF8&node=52044011&pf_rd_p=934412147&pf_rd_s=nav-sa-books&pf_rd_t=4201&pf_rd_i=navbar-4201&pf_rd_m=A1PA6795UKMFR9&pf_rd_r=15A6VV6RXFF7B8A954CZ" alt="foreign_books"/>
</map>



<map name="nav_imgmap_nav-sa-cloud-drive" id="nav_imgmap_nav-sa-cloud-drive">
<area shape="rect" coords="1,1,442,426" href="/clouddrive/learnmore/ref=CD_DE_NB_GNO_DT_EVRGRN?pf_rd_p=656878767&pf_rd_s=nav-sa-cloud-drive&pf_rd_t=4201&pf_rd_i=navbar-4201&pf_rd_m=A1PA6795UKMFR9&pf_rd_r=15A6VV6RXFF7B8A954CZ" alt="Cloud Drive Photos"/>
</map>



<map name="nav_imgmap_nav-sa-electronics-computers" id="nav_imgmap_nav-sa-electronics-computers">
<area shape="rect" coords="1,1,515,423" href="/s/ref=?_encoding=UTF8&rh=i%3Aelectronics%2Cn%3A9837568031&rw_html_to_wsrp=1&pf_rd_p=912890367&pf_rd_s=nav-sa-electronics-computers&pf_rd_t=4201&pf_rd_i=navbar-4201&pf_rd_m=A1PA6795UKMFR9&pf_rd_r=15A6VV6RXFF7B8A954CZ" alt=""/>
</map>



<map name="nav_imgmap_nav-sa-fire-tv" id="nav_imgmap_nav-sa-fire-tv">
<area shape="rect" coords="0,0,499,474" href="/dp/B00KAKPZYG/ref=nav_flyout_kindle_Mont_Octprice?pf_rd_p=801697707&pf_rd_s=nav-sa-fire-tv&pf_rd_t=4201&pf_rd_i=navbar-4201&pf_rd_m=A1PA6795UKMFR9&pf_rd_r=15A6VV6RXFF7B8A954CZ" alt="Learn More"/>
</map>



<map name="nav_imgmap_nav-sa-food-beverages-health-beauty" id="nav_imgmap_nav-sa-food-beverages-health-beauty">
<area shape="rect" coords="1,1,487,514" href="/b/ref=bty_gno_blog?_encoding=UTF8&node=9901262031&pf_rd_p=890092127&pf_rd_s=nav-sa-food-beverages-health-beauty&pf_rd_t=4201&pf_rd_i=navbar-4201&pf_rd_m=A1PA6795UKMFR9&pf_rd_r=15A6VV6RXFF7B8A954CZ" alt="madamet"/>
</map>



<map name="nav_imgmap_nav-sa-home-garden-tools" id="nav_imgmap_nav-sa-home-garden-tools">
<area shape="rect" coords="1,1,800,522" href="/b/ref=nav_sap_hi_bosch_coop?_encoding=UTF8&node=10258538031&pf_rd_p=942329387&pf_rd_s=nav-sa-home-garden-tools&pf_rd_t=4201&pf_rd_i=navbar-4201&pf_rd_m=A1PA6795UKMFR9&pf_rd_r=15A6VV6RXFF7B8A954CZ" alt="HI_BOSCH_COOP"/>
</map>



<map name="nav_imgmap_nav-sa-industrial" id="nav_imgmap_nav-sa-industrial">
<area shape="rect" coords="0,225,475,459" href="/b/ref=nav-sa-industrial?_encoding=UTF8&node=6587831031&pf_rd_p=899763507&pf_rd_s=nav-sa-industrial&pf_rd_t=4201&pf_rd_i=navbar-4201&pf_rd_m=A1PA6795UKMFR9&pf_rd_r=15A6VV6RXFF7B8A954CZ" alt="Hier klicken"/>
</map>



<map name="nav_imgmap_nav-sa-instant-video" id="nav_imgmap_nav-sa-instant-video">
<area shape="rect" coords="1,1,519,482" href="/dp/B01DFQOK7E/ref=dvm_de_mer_gen_aiv_1_20_bosch_s2/ref=?pf_rd_p=908842947&pf_rd_s=nav-sa-instant-video&pf_rd_t=4201&pf_rd_i=navbar-4201&pf_rd_m=A1PA6795UKMFR9&pf_rd_r=15A6VV6RXFF7B8A954CZ" alt=""/>
</map>



<map name="nav_imgmap_nav-sa-kindle-fire-tablet" id="nav_imgmap_nav-sa-kindle-fire-tablet">
<area shape="rect" coords="0,0,540,523" href="/dp/B00ZDWLEEG/ref=nav_flyout_kindle_fire?pf_rd_p=943294287&pf_rd_s=nav-sa-kindle-fire-tablet&pf_rd_t=4201&pf_rd_i=navbar-4201&pf_rd_m=A1PA6795UKMFR9&pf_rd_r=15A6VV6RXFF7B8A954CZ" alt="Fire"/>
</map>



<map name="nav_imgmap_nav-sa-kindle-reader" id="nav_imgmap_nav-sa-kindle-reader">
<area shape="rect" coords="0,0,499,474" href="/dp/B00QJDO0QC/ref=nav_flyout_kindle_km?pf_rd_p=913411407&pf_rd_s=nav-sa-kindle-reader&pf_rd_t=4201&pf_rd_i=navbar-4201&pf_rd_m=A1PA6795UKMFR9&pf_rd_r=15A6VV6RXFF7B8A954CZ" alt="Shop Kindle"/>
</map>



<map name="nav_imgmap_nav-sa-mp3" id="nav_imgmap_nav-sa-mp3">
<area shape="rect" coords="1,1,500,471" href="/dp/B01BP8KHHG/ref=dmm_fo_0513_udo_a?pf_rd_p=949630067&pf_rd_s=nav-sa-mp3&pf_rd_t=4201&pf_rd_i=navbar-4201&pf_rd_m=A1PA6795UKMFR9&pf_rd_r=15A6VV6RXFF7B8A954CZ" alt="PrimeMusic"/>
</map>



<map name="nav_imgmap_nav-sa-music-games-film-tv" id="nav_imgmap_nav-sa-music-games-film-tv">
<area shape="rect" coords="1,1,480,439" href="/autorip-cd-vinyl-kaufen-mp3-kostenlos/b/ref=nav_sap_au?ie=UTF8&node=2624847031&pf_rd_p=846865787&pf_rd_s=nav-sa-music-games-film-tv&pf_rd_t=4201&pf_rd_i=navbar-4201&pf_rd_m=A1PA6795UKMFR9&pf_rd_r=15A6VV6RXFF7B8A954CZ" alt="Autorip"/>
</map>



<map name="nav_imgmap_nav-sa-sports-outdoors" id="nav_imgmap_nav-sa-sports-outdoors">
<area shape="rect" coords="2,1,512,480" href="/gp/b/ref=nav-sa-sports-em2016?ie=UTF8&node=1676138031&pf_rd_p=934430267&pf_rd_s=nav-sa-sports-outdoors&pf_rd_t=4201&pf_rd_i=navbar-4201&pf_rd_m=A1PA6795UKMFR9&pf_rd_r=15A6VV6RXFF7B8A954CZ" alt="NYNY"/>
</map>




<script type="text/javascript"><!--

window.$Nav && $Nav.declare("config.navDeviceType", "desktop");

window.$Nav && $Nav.when("data").run(function(data) { data({"emptyWishlist":{"template":{"name":"flyoutError","data":{"error":{"button":{"text":"Mein Wunschzettel","url":"/gp/registry/wishlist/ref=nav_err_empty_wishlist/278-8288477-3349315"},"title":" ","paragraph":"Ihre Liste ist leer"}}}},"yourAccountContent":{"template":{"name":"flyoutError","data":{"error":{"button":{"text":"Mein Konto","url":"/gp/css/homepage.html/ref=nav_err_youraccount/278-8288477-3349315"},"title":" ","paragraph":"Leider können die Kategorien vorübergehend nicht aufgerufen werden."}}}},"errorWishlist":{"template":{"name":"flyoutError","data":{"error":{"button":{"text":"Mein Wunschzettel","url":"/gp/registry/wishlist/ref=nav_err_wishlist/278-8288477-3349315"},"title":" ","paragraph":"Leider können die Kategorien vorübergehend nicht aufgerufen werden."}}}},"ewcTimeout":{"template":{"name":"flyoutError","data":{"error":{"button":{"text":"Mein Einkaufswagen","url":"/gp/cart/view.html/ref=nav_err_ewc_timeout/278-8288477-3349315"},"title":" ","paragraph":"Es gibt ein Problem Abrufen Einkaufswagen jetzt"}}}},"cartTimeout":{"template":{"name":"flyoutError","data":{"error":{"button":{"text":"Mein Einkaufswagen","url":"/gp/cart/view.html/ref=nav_err_cart_timeout/278-8288477-3349315"},"title":" ","paragraph":"Es gibt ein Problem Abrufen Einkaufswagen jetzt"}}}},"kindleTimeout":{"template":{"name":"flyoutError","data":{"error":{"paragraph":"Leider können die Kategorien vorübergehend nicht aufgerufen werden."}}}},"shopAllTimeout":{"template":{"name":"flyoutError","data":{"error":{"paragraph":"Leider können die Kategorien vorübergehend nicht aufgerufen werden."}}}},"primeTimeout":{"template":{"name":"flyoutError","data":{"error":{"title":"<a href='/gp/prime'><img src='https://images-na.ssl-images-amazon.com/images/G/03/prime/yourprime/yourprime-widget-piv-fallback._V309896279_.jpg' /></a>"}}}}}); });

  window.$Nav && $Nav.when("util.templates").run("FlyoutErrorTemplate", function (templates) {
    templates.add("flyoutError", "<# if(error.title) { #><span class='nav-title'><#=error.title #></span><# } #><# if(error.paragraph) { #><p class='nav-paragraph'><#=error.paragraph #></p><# } #><# if(error.button) { #><a href='<#=error.button.url #>' class='nav-action-button' ><span class='nav-action-inner'><#=error.button.text #></span></a><# } #>");
  });



window.$Nav && $Nav.declare('config.navDebugHighres', false);


window.$Nav && $Nav.declare('config.upnavHighResImgInfo',
  {"upnav2xImageHeight":"","upnav2xImagePath":""});

window.$Nav && $Nav.declare('config.upnav2xAiryPreloadImgInfo',
  {"preloadImgPath":"","preloadImgHeight":""});

window.$Nav && $Nav.declare('config.upnav2xAiryPostSlateImgInfo',
  {"postslateImgHeight":"","postslateImgPath":""});

window.$Nav && $Nav.declare('config.pageType', 'Detail');
window.$Nav && $Nav.declare('config.subPageType', 'Glance');

window.$Nav && $Nav.declare('config.dynamicMenuUrl', '/gp/navigation/ajax/dynamic-menu.html/278-8288477-3349315');

window.$Nav && $Nav.declare('config.dismissNotificationUrl',
  '/gp/navigation/ajax/dismissnotification.html/278-8288477-3349315');

window.$Nav && $Nav.declare('config.enableDynamicMenus', true);

window.$Nav && $Nav.declare('config.isInternal', false);

window.$Nav && $Nav.declare('config.isRecognized', false);

window.$Nav && $Nav.declare('config.transientFlyoutTrigger', '#nav-transient-flyout-trigger');

window.$Nav && $Nav.declare('config.subnavFlyoutUrl',
  '/gp/navigation/ajax/subnav-flyout/278-8288477-3349315');

window.$Nav && $Nav.declare('config.recordEvUrl',
  '/gp/navigation/ajax/recordevent.html/278-8288477-3349315');
window.$Nav && $Nav.declare('config.recordEvInterval', 15000);
window.$Nav && $Nav.declare('config.sessionId', '278-8288477-3349315');
window.$Nav && $Nav.declare('config.requestId', '0WSYMHX46SV2Y1P04DFY');

window.$Nav && $Nav.declare('config.alexaListEnabled', false);

window.$Nav && $Nav.declare('config.readyOnATF', false);

window.$Nav && $Nav.declare('config.dynamicMenuArgs',
  {"rid":"0WSYMHX46SV2Y1P04DFY","isPrime":0,"weblabs":"","customerId":0,"sessionId":"278-8288477-3349315","marketplaceId":"A1PA6795UKMFR9","dynamicRequest":1,"primeMenuWidth":310,"isFreshRegionAndCustomer":""});

window.$Nav && $Nav.declare('config.signOutText',
  null);

window.$Nav && $Nav.declare('config.customerName',
  false);

window.$Nav && $Nav.declare('config.yourAccountPrimeURL',
  null);

window.$Nav && $Nav.declare('config.yourAccountPrimeHover',
  true);

window.$Nav && $Nav.declare('config.primeEventLoggingEnabled', true);

window.$Nav && $Nav.declare('config.primeFlyoutProfilingUrl',
    '/gp/prime/navigation/record-prime-menu-event.html/278-8288477-3349315?ie=UTF8&rid=0WSYMHX46SV2Y1P04DFY');

window.$Nav && $Nav.declare('config.searchBackState',
  {});















    if (typeof uet == 'function') {
      uet('bb', 'iss-init-pc', {wb: 1});
    }

    if (!window.$SearchJS && window.$Nav) {
      window.$SearchJS = $Nav.make('sx');
    }

  
  var opts = {
      host: "completion.amazon.co.uk/search/complete"
    , marketId: "4"
    , obfuscatedMarketId: "A1PA6795UKMFR9"
    , searchAliases: ["aps", "stripbooks", "popular", "clothing", "dvd", "instant-video", "prime-instant-video", "shop-instant-video", "dvd-bypost", "electronics", "sports", "videogames", "toys", "jewelry", "watches", "drugstore", "baby", "software", "magazines", "vhs", "automotive", "english-books", "pantry", "photo", "computer", "kitchen", "luggage", "beauty", "outdoor", "diy", "classical", "shoes", "music-song", "mp3-downloads", "prime-digital-music", "digital-music", "digital-music-track", "digital-music-album", "digital-text", "lighting", "office-products", "outlet", "apparel-outlet", "shoes-outlet", "watches-outlet", "jewelry-outlet", "sports-outlet", "grocery", "computers", "pets", "mi", "videogames-tradein", "appliances", "gift-cards", "mobile-apps", "tradein-aps", "audiobooks", "warehouse-deals", "luxury-beauty", "banjo-apps", "industrial", "alcohol"]
    , filterAliases: []
    , isDoCtw: 1
    , pageType: "Detail"
    , requestId: "0WSYMHX46SV2Y1P04DFY"
    , keydownTriggeredWeblabs: []
    , displayTriggeredWeblabs: [      function(data) {
        return data && data.fastlabs ? data.fastlabs : undefined;
      }
]
    , isDdInT3: 0
    , isDdInT1: 0
    , isJpOrCn: 0
    , isUseAuiIss: 1
  };

  var issOpts = {
      fallbackFlag: 1
    , isDigitalFeaturesEnabled: 0
    , isWayfindingEnabled: 0
    , issPrimeEligible: ["prime-digital-music"]
    , dropdown: "select.searchSelect"
    , departmentText: "in {department}"
    , suggestionText: "Suchvorschläge"
    , isTriggerIssOnClick: 0
    , np: 0
    , issCorpus: []
    , cf: 1
  };
  

  if (opts.isUseAuiIss === 1 && window.$Nav) {
    window.$Nav.when('sx.iss').run('iss-mason-init', function(iss){
      var issInitObj = buildIssInitObject(opts, issOpts, true);
      new iss.IssParentCoordinator(issInitObj);

      tryInitClientTriggeredWeblabs(issInitObj);
    });
  } else if (window.$SearchJS) {
    
    var iss;

    // BEGIN Deprecated globals
    var issHost = opts.host
      , issMktid = opts.marketId
      , issSearchAliases = opts.searchAliases
      , updateISSCompletion = function() { iss.updateAutoCompletion(); };
    // END deprecated globals

    
    
    
    $SearchJS.when('jQuery', 'search-js-autocomplete-lib').run('autocomplete-init', initializeAutocomplete);
    $SearchJS.when('canCreateAutocomplete').run('createAutocomplete', createAutocomplete);

    
    if (opts.isDdInT3) {
      $SearchJS.when('search-js-autocomplete').run('autocomplete-dd-init', function(){ mergeBTFDropdown(); });
    }

    if (opts.isDdInT1) {
      $SearchJS.when('search-js-autocomplete').run('autocomplete-dd-init', function(){ searchDropdown(); });
    }

  } // END conditional for window.$SearchJS

  
  
  function initializeAutocomplete(jQuery) {
    
    var issInitObj = buildIssInitObject(opts, issOpts);

    tryInitClientTriggeredWeblabs(issInitObj);
  } // END initializeAutocomplete

  
  
  function tryInitClientTriggeredWeblabs(issInitObj) {
    
    if (opts.isDoCtw) {
      $SearchJS.importEvent('search-csl');
      $SearchJS.when('search-csl').run('autocomplete-csl-init', function delegateToInitSearchCsl(searchCSL) { initSearchCsl( searchCSL, issInitObj ); } );
    } else {
      $SearchJS.declare('canCreateAutocomplete', issInitObj);
    }
  }

  
  
  function initSearchCsl(searchCSL, issInitObject) {
    searchCSL.init(opts.pageType, (window.ue && window.ue.rid) || opts.requestId);

    
    var keydownCtw = opts.keydownTriggeredWeblabs;
    var displayCtw = opts.displayTriggeredWeblabs;

    
    issInitObject.doCTWKeydown = function(e) {
        for (var i = 0; i < keydownCtw.length; i++) {
          searchCSL.addWlt(keydownCtw[i].call ? keydownCtw[i](e) : keydownCtw[i]);
        }
      };

    issInitObject.doCTWDisplay = function(data) {
        for (var i = 0; i < displayCtw.length; i++) {
          searchCSL.addWlt(displayCtw[i].call ? displayCtw[i](data) : displayCtw[i]);
        }
      };

    $SearchJS.declare('canCreateAutocomplete', issInitObject);
  } // END initSearchCsl

  
  
  function createAutocomplete(issObject) {
    iss = new AutoComplete(issObject);

    $SearchJS.publish('search-js-autocomplete', iss);

    logMetrics();
  } // END createAutocomplete

  
  
  function buildIssInitObject(opts, issOpts, isNewIss) {
    var issInitObj = {
        src: opts.host
      , mkt: opts.marketId
      , obfMkt: opts.obfuscatedMarketId
      , aliases: opts.searchAliases
      , fb: issOpts.fallbackFlag
      , isDigitalFeaturesEnabled: issOpts.isDigitalFeaturesEnabled
      , isWayfindingEnabled: issOpts.isWayfindingEnabled
      , issPrimeEligible: issOpts.issPrimeEligible
      , deptText: issOpts.departmentText
      , sugText: issOpts.suggestionText
      , filterAliases: opts.filterAliases
      , cf: issOpts.cf
      , ime: opts.isJpOrCn
      , mktid: opts.marketId
      , qs: opts.isJpOrCn
      , issCorpus: issOpts.issCorpus
      , deepNodeISS: {
          searchAliasAccessor: function($) {
            return (window.SearchPageAccess && window.SearchPageAccess.searchAlias()) ||
                   $('select.searchSelect').children().attr('data-root-alias');
          },
          searchAliasDisplayNameAccessor: function() {
            return (window.SearchPageAccess && window.SearchPageAccess.searchAliasDisplayName());
          }
        }
    };

    // If we aren't using the new ISS then we need to add these properties
    if (!isNewIss) {
      issInitObj.dd = issOpts.dropdown; // The element with id searchDropdownBox doesn't exist in C.
      issInitObj.imeSpacing = issOpts.imeSpacing;
      issInitObj.isNavInline = 1;
      issInitObj.triggerISSOnClick = 0;
      issInitObj.sc = 1;
      issInitObj.np = issOpts.np;
    }

    return issInitObj;
  } // END buildIssInitObject

  
  function logMetrics() {
    if (typeof uet == 'function' && typeof uex == 'function' ) {
      uet('be', 'iss-init-pc', {wb: 1});
      uex('ld', 'iss-init-pc', {wb: 1});
    }
  } // END logMetrics


    window.$Nav && $Nav.declare('nav.inline');

(function (i) {
i.onload = function() {window.uet && uet('ne')};
i.src = window._navbarSpriteUrl;
}(new Image()));

window.$Nav && $Nav.declare('config.autoFocus', false);


window.$Nav && $Nav.declare('config.responsiveTouchAgents', ["ieTouch"]);

window.$Nav && $Nav.declare('config.responsiveGW',false);

window.$Nav && $Nav.declare('config.pageHideEnabled',false);

window.$Nav && $Nav.declare('config.sslTriggerType','');
window.$Nav && $Nav.declare('config.sslTriggerRetry',0);

window.$Nav && $Nav.declare('config.doubleCart',false);


window.$Nav && $Nav.declare('config.fixedBarBeacon',false);

window.$Nav && $Nav.declare('config.signInOverride', true);

window.$Nav && $Nav.declare('config.signInTooltip',true);

window.$Nav && $Nav.declare('config.isPrimeMember',false);

window.$Nav && $Nav.declare('config.fullWidthCoreFlyout', false);

window.$Nav && $Nav.declare('config.isFwfReorderColumnsEnabled', false);

window.$Nav && $Nav.declare('config.flyoutAnimation', false);

window.$Nav && $Nav.declare('config.disableBuyItAgain', false );

window.$Nav && $Nav.declare('config.campusActivation', '');

window.$Nav && $Nav.declare('config.fullWidthPrime', false);


window.$Nav && $Nav.declare('config.primeTooltip',{url:'/gp/prime/digital-adoption/navigation-bar/278-8288477-3349315'});

window.$Nav && $Nav.declare('config.carnac',false);

window.$Nav && $Nav.declare('config.csYourAccount',false);

window.$Nav && $Nav.declare('config.cartFlyoutDisabled', true);

window.$Nav && $Nav.declare('config.navfresh', false);



window.$Nav && $Nav.declare('config.ewc', false);if (window.ue && ue.tag) { ue.tag('noewc'); }

if (window.ue && ue.tag) { ue.tag('navbar'); };

window.$Nav && $Nav.declare('config.blackbelt', true);
window.$Nav && $Nav.declare('config.beaconbelt', true);

window.$Nav && $Nav.declare('config.beaconbeltCover', false);

window.$Nav && $Nav.declare('config.pinnedNav',false);

window.$Nav && $Nav.declare('config.pinnedNavWithEWC',false);

window.$Nav && $Nav.declare('config.pinnedNavStart',700);

window.$Nav && $Nav.declare('config.pinnedNavMinWidth',1000);
window.$Nav && $Nav.declare('config.pinnedNavMinHeight',false);

window.$Nav && $Nav.declare('config.iPadTablet', false);


window.$Nav && $Nav.declare('config.searchapiEndpoint',false);

window.$Nav && $Nav.declare('config.timeline', false);

window.$Nav && $Nav.declare('config.timelineOptimization', false);

window.$Nav && $Nav.declare('config.timelineAsinEnabled', false);

window.$Nav && $Nav.declare('config.timelineDeleteEnabled',false);


    window._navbar = window._navbar || {};
    window._navbar.browsepromos = window._navbar.browsepromos || {};
    
 _navbar.browsepromos['nav-sa-android'] = {"width":519,"promoType":"wide","vertOffset":"-10","tabletAltText":null,"horizOffset":"-20","height":479,"image":"http://g-ecx.images-amazon.com/images/G/03/mas/retail/gateway/flyout/flyout_de_499x469-3267-UG._CB285629139_.png","tabletDestination":null,"tabletImage":null}; 
 _navbar.browsepromos['nav-sa-apparel-shoes-watches'] = {"width":573,"promoType":"wide","vertOffset":"-10","tabletAltText":null,"horizOffset":"-50","height":482,"image":"http://g-ecx.images-amazon.com/images/G/03/AMAZON-FASHION/2016/FASHION/CONTENT/MERCH/MAY/1_HOLIDAY_LIST/MERCH/FLYOUT_DE._CB273681773_.png","tabletDestination":null,"tabletImage":null}; 
 _navbar.browsepromos['nav-sa-auto-bike'] = {"width":540,"promoType":"wide","vertOffset":"-42","tabletAltText":null,"horizOffset":"-36","height":546,"image":"http://g-ecx.images-amazon.com/images/G/03/Automotive/Fly-outs/de_auto_29-04-2016_mayflyout_flyout._CB273774813_.png","tabletDestination":null,"tabletImage":null}; 
 _navbar.browsepromos['nav-sa-baby-kids-toys'] = {"width":499,"promoType":"wide","vertOffset":"-10","tabletAltText":null,"horizOffset":"-20","height":449,"image":"http://g-ecx.images-amazon.com/images/G/03/toys/flyout_images/DE_Toys_Outdoor-Kinderfahrzeuge_30-3-2016_flyout-r1._CB294612760_.png","tabletDestination":null,"tabletImage":null}; 
 _navbar.browsepromos['nav-sa-books'] = {"width":511,"promoType":"wide","vertOffset":"-25","tabletAltText":null,"horizOffset":"-22","height":477,"image":"http://g-ecx.images-amazon.com/images/G/03/books/flyout/DE_books_Flyout_Foreign_12-5-2016_flyout._CB273073711_.png","tabletDestination":null,"tabletImage":null}; 
 _navbar.browsepromos['nav-sa-cloud-drive'] = {"width":495,"promoType":"wide","vertOffset":"0","tabletAltText":null,"horizOffset":"0","height":427,"image":"http://g-ecx.images-amazon.com/images/G/03/digital/adrive/images/gno/de_cd_filler14_flyout_7._CB349057138_.png","tabletDestination":null,"tabletImage":null}; 
 _navbar.browsepromos['nav-sa-electronics-computers'] = {"width":511,"promoType":"wide","vertOffset":"-21","tabletAltText":null,"horizOffset":"-22","height":459,"image":"http://g-ecx.images-amazon.com/images/G/03/electronics/00_Flyout/DE_HE_Inscreengewinnspiel_LG_flyout_r2._CB274451193_.png","tabletDestination":null,"tabletImage":null}; 
 _navbar.browsepromos['nav-sa-fire-tv'] = {"width":540,"promoType":"wide","vertOffset":"-40","tabletAltText":null,"horizOffset":"-35","height":523,"image":"http://g-ecx.images-amazon.com/images/G/03/kindle/merch/gno/2016/fts_price-gno-d-de-540x523._CB300170915_.png","tabletDestination":null,"tabletImage":null}; 
 _navbar.browsepromos['nav-sa-food-beverages-health-beauty'] = {"width":509,"promoType":"wide","vertOffset":"-10","tabletAltText":null,"horizOffset":"-15","height":452,"image":"http://g-ecx.images-amazon.com/images/G/03/beauty/beautytrends/store/traffic/a/De_BTY_Trend_TrafficPlacements_March_5-4-2016_flyout_R1._CB276091107_.png","tabletDestination":null,"tabletImage":null}; 
 _navbar.browsepromos['nav-sa-home-garden-tools'] = {"width":540,"promoType":"wide","vertOffset":"-43","tabletAltText":null,"horizOffset":"-37","height":560,"image":"http://g-ecx.images-amazon.com/images/G/03/tools/COOP/Bosch/de_hi_28-05-2016_bosch_flyout._CB273603170_.png","tabletDestination":null,"tabletImage":null}; 
 _navbar.browsepromos['nav-sa-industrial'] = {"width":500,"promoType":"wide","vertOffset":"-10","tabletAltText":null,"horizOffset":"-20","height":472,"image":"http://g-ecx.images-amazon.com/images/G/03/BISS/IMAGES/FLYOUT/DE_BISS_10-08-15_Labware_Flyout._CB293294559_.png","tabletDestination":null,"tabletImage":null}; 
 _navbar.browsepromos['nav-sa-instant-video'] = {"width":521,"promoType":"wide","vertOffset":"-21","tabletAltText":null,"horizOffset":"-21","height":490,"image":"http://g-ecx.images-amazon.com/images/G/03/digital/video/AIV/GNO/BOSCH_S2_DE_Merch_GNOFlyOut_521x490._CB294230803_.png","tabletDestination":null,"tabletImage":null}; 
 _navbar.browsepromos['nav-sa-kindle-fire-tablet'] = {"width":540,"promoType":"wide","vertOffset":"-40","tabletAltText":null,"horizOffset":"-40","height":523,"image":"http://g-ecx.images-amazon.com/images/G/03/kindle/merch/gno/2016/ford-gno-d-2-de-540x523._CB271629969_.png","tabletDestination":null,"tabletImage":null}; 
 _navbar.browsepromos['nav-sa-kindle-reader'] = {"width":540,"promoType":"wide","vertOffset":"-40","tabletAltText":null,"horizOffset":"-40","height":523,"image":"http://g-ecx.images-amazon.com/images/G/03/kindle/merch/gno/2015/km_upd_02-flyout_gno-d-de._CB274033821_.png","tabletDestination":null,"tabletImage":null}; 
 _navbar.browsepromos['nav-sa-mp3'] = {"width":538,"promoType":"wide","vertOffset":"-40,5","tabletAltText":null,"horizOffset":"-39,5","height":508,"image":"http://g-ecx.images-amazon.com/images/G/03/DE-digital-music/knight/newrelease/nonstandard/020516_UdoLindenberg/DE_DM_tt0078755716_5058_GNO_Flyout_DE._CB273125418_.png","tabletDestination":null,"tabletImage":null}; 
 _navbar.browsepromos['nav-sa-music-games-film-tv'] = {"width":480,"promoType":"wide","vertOffset":"-10","tabletAltText":null,"horizOffset":"-8","height":426,"image":"http://g-ecx.images-amazon.com/images/G/03/music/autorip/final/DE_Music_AutoRip_02-03-2016_flyout._CB296020416_.png","tabletDestination":null,"tabletImage":null}; 
 _navbar.browsepromos['nav-sa-sports-outdoors'] = {"width":504,"promoType":"wide","vertOffset":"-12","tabletAltText":null,"horizOffset":"-14","height":481,"image":"http://g-ecx.images-amazon.com/images/G/03/sporting-goods/content/EM2016/41827_EU_Sport_Euro16_GNOFlyout_R1._CB273188713_.png","tabletDestination":null,"tabletImage":null}; 


    window.$Nav && $Nav.declare('config.browsePromos', window._navbar.browsepromos);


window.$Nav && $Nav.declare('config.extendedFlyout', false);


window.$Nav && $Nav.declare('config.orderNotificationEnabled', false);

window.$Nav && $Nav.declare('configComplete');

--></script>




<!--Tilu -->


<!-- EndNav -->

<div id="detail-ilm_div">
</div>


<div id="lpo-top-stripe_div">
</div>


<div id="cp-merchandising-widget_div">
</div>


<div id="rw-swatch-image_div">
</div>


<div id="showing-breadcrumbs_div">













<div id="wayfinding-breadcrumbs_container" class="a-section a-spacing-none a-padding-medium">
<div id="wayfinding-breadcrumbs_feature_div" class="a-subheader a-breadcrumb feature" data-feature-name="wayfinding-breadcrumbs">
    <ul class="a-horizontal a-size-small">
         <li><span class="a-list-item">
            <a class="a-link-normal a-color-tertiary" href="/Lebensmittel-Getr%C3%A4nke/b/ref=dp_bc_1/278-8288477-3349315?ie=UTF8&node=340846031">
                Lebensmittel & Getränke
            </a>
         </span></li>
         <li class="a-breadcrumb-divider"><span class="a-list-item a-color-tertiary">
             &rsaquo;
         </span></li>
         <li><span class="a-list-item">
            <a class="a-link-normal a-color-tertiary" href="/Babynahrung-Kindermilch-Beikost/b/ref=dp_bc_2/278-8288477-3349315?ie=UTF8&node=358555031">
                Babynahrung
            </a>
         </span></li>
         <li class="a-breadcrumb-divider"><span class="a-list-item a-color-tertiary">
             &rsaquo;
         </span></li>
         <li><span class="a-list-item">
            <a class="a-link-normal a-color-tertiary" href="/Milchnahrung-Babys/b/ref=dp_bc_3/278-8288477-3349315?ie=UTF8&node=364603031">
                Milchnahrung
            </a>
         </span></li>
         <li class="a-breadcrumb-divider"><span class="a-list-item a-color-tertiary">
             &rsaquo;
         </span></li>
         <li><span class="a-list-item">
             <a class="a-link-normal a-color-tertiary" href="/Kindermilch/b/ref=dp_bc_4/278-8288477-3349315?ie=UTF8&node=1386609031">
                 Kindermilch
             </a>
         </span></li>
    </ul>
</div>
</div>













</div>

<script type="text/javascript"> 
(typeof setCSMReq === 'function') && setCSMReq("x1");

                if(typeof uet === 'function'){uet('bb', 'udpV3atfwait', {wb: 1});};
</script>


        <div class="a-container" role="main">
            
<script type="text/javascript">
  if (typeof CSMReqs !== 'undefined') {
     if (CSMReqs.hasOwnProperty('af')) {
        CSMReqs.af.c = 1;
     }
     if (CSMReqs.hasOwnProperty('cf')) {
        CSMReqs.cf.c = 1;
     }
  }
</script>

<script type="text/javascript">    if(typeof uet === 'function'){uet('be', 'udpV3atfwait', {wb: 1});};
                if(typeof uex === 'function'){uex('ld', 'udpV3atfwait', {wb: 1});};
</script>





    
































































































































    
        

















  
    
    




<style type="text/css">
    #leftCol {
        width:32.5%;
    }

    .centerColAlign{
        margin-left:34.0%;
    }
</style>




    
     
     
    









    <div id="instantOrderUpdate_feature_div" class="feature" data-feature-name="instantOrderUpdate">




    

    
    
    
        
            
                
	                
	                
	                	




 

	                
                
            
        
        
        
        
        
        
    
    
    

    















    </div>





    
    

    
     
     
    









    <div id="companyCompliancePolicies_feature_div" class="feature" data-feature-name="companyCompliancePolicies">




    

    
    
    
        
            
                
	                
	                
	                	




    


	                
                
            
        
        
        
        
        
        
    
    
    

    















    </div>





    
    
 
<div id="rightCol" class="rightCol">
    
        
        
        
        









    <div id="tellAFriendBox_feature_div" class="feature" data-feature-name="tellAFriendBox">




    

    
    
    
        
            
                
	                
	                
	                	



 





    


<div id="tell-a-friend" data-close="Schließen" data-dest data-title="Diese Artikel empfehlen" class="a-section a-text-center a-spacing-small">
    
    
        
        	
        	
            




<a id="swfMailTo" class="a-link-normal email" title="Per E-Mail teilen" href="mailto:?body=Ich%20m%C3%B6chte%20Dir%20diesen%20Artikel%20bei%20Amazon.de%20empfehlen%0A%0AAptamil%20Kindermilch%201%2B%20ab%201%20Jahr%2C%204er%20Pack%20(4%20x%20600%20g)%0Avon%20Amazon.de%0AWeitere%20Informationen%3A%20http%3A%2F%2Fwww.amazon.de%2Fdp%2FB00BSNACII%2Fref%3Dcm_sw_em_r_mt_dp_myarxb0SMX6VY&subject=Ich%20m%C3%B6chte%20Dir%20diesen%20Artikel%20bei%C2%A0Amazon.de%C2%A0empfehlen">Empfehlen</a><span class="a-letter-space"></span>
<a id="swfImageMailTo" class="a-link-normal email" title="Per E-Mail teilen" href="mailto:?body=Ich%20m%C3%B6chte%20Dir%20diesen%20Artikel%20bei%20Amazon.de%20empfehlen%0A%0AAptamil%20Kindermilch%201%2B%20ab%201%20Jahr%2C%204er%20Pack%20(4%20x%20600%20g)%0Avon%20Amazon.de%0AWeitere%20Informationen%3A%20http%3A%2F%2Fwww.amazon.de%2Fdp%2FB00BSNACII%2Fref%3Dcm_sw_em_r_mt_dp_myarxb0SMX6VY&subject=Ich%20m%C3%B6chte%20Dir%20diesen%20Artikel%20bei%C2%A0Amazon.de%C2%A0empfehlen"><i class="a-icon a-icon-share-email"></i></a><span class="a-letter-space"></span>

<script type="text/javascript">
P.when('A','ready').execute(function(A){
    var $ = A.$;
    function collectMetrics( placementId ) {
        A.ajax('/gp/aw/social/swf/metrics.html/ref=cm_sw_em_mt_dp_'+ placementId, {
            method: 'post',
            params: {
                id: 'mailtoDp',
                result: 'mailto share triggered'
            }
        });
    }
    $('#swfMailTo,#swfImage').click( function(){
            collectMetrics('dp_myarxb0SMX6VY');
    });
});
</script>
        
        
    
    
        
        
            
            
	        <a id="facebook" data-height="400" class="a-link-normal" target="_blank" title="Facebook" href="/gp/redirect.html/ref=cm_sw_cl_fa_dp_myarxb0SMX6VY?_encoding=UTF8&amp;location=http%3A%2F%2Fwww.facebook.com%2Fshare.php%3Fu%3Dhttp%253A%252F%252Fwww.amazon.de%252Fdp%252FB00BSNACII%252Fref%253Dcm_sw_r_fa_dp_myarxb0SMX6VY&amp;token=6BD0FB927CC51E76FF446584B1040F70EA7E88E1"><i class="a-icon a-icon-share-facebook" aria-label="Facebook"><span class="a-icon-alt">Facebook</span></i></a><span class="a-letter-space"></span>
        
    
        
        
            
            
	        <a id="twitter" data-height="400" class="a-link-normal" target="_blank" title="Twitter" href="/gp/redirect.html/ref=cm_sw_cl_tw_dp_myarxb0SMX6VY?_encoding=UTF8&amp;location=http%3A%2F%2Ftwitter.com%2Fintent%2Ftweet%3Foriginal_referer%3Dhttp%25253A%25252F%25252Fwww.amazon.de%25252Fgp%25252Fproduct%25252FB00BSNACII%25252Fref%25253Dcm_sw_r_tw_dp_myarxb0SMX6VY%26text%3DAptamil%2520Kindermilch%25201%252B%2520ab%25201%2520Jahr%252C%25204er%2520Pack%2520(4%2520x%2520600%2520g)%2520Aptamil%26related%3Damazondeals%252Camazonmp3%26url%3Dhttp%253A%252F%252Fwww.amazon.de%252Fdp%252FB00BSNACII%252Fref%253Dcm_sw_r_tw_dp_myarxb0SMX6VY%26via%3Damazon&amp;token=7A1A4AE8F6CE0BD277D8295E58702D283F329C0F"><i class="a-icon a-icon-share-twitter" aria-label="Twitter"><span class="a-icon-alt">Twitter</span></i></a><span class="a-letter-space"></span>
        
    
        
        
            
            
	        <a id="pinterest" data-height="570" class="a-link-normal" target="_blank" title="Pinterest" href="/gp/redirect.html/ref=cm_sw_cl_pi_dp_myarxb0SMX6VY?_encoding=UTF8&amp;location=http%3A%2F%2Fpinterest.com%2Fpin%2Fcreate%2Fbutton%3Furl%3Dhttp%253A%252F%252Fwww.amazon.de%252Fdp%252FB00BSNACII%252Fref%253Dcm_sw_r_pi_dp_myarxb0SMX6VY%26title%3DAptamil%2520Kindermilch%25201%252B%2520ab%25201%2520Jahr%252C%25204er%2520Pack%2520(4%2520x%2520600%2520g)%2520Ap...%26description%3DAptamil%2520Kindermilch%25201%252B%2520ab%25201%2520Jahr%252C%25204er%2520Pack%2520(4%2520x%2520600%2520g)%2520Ap...%2520http%253A%252F%252Fwww.amazon.de%252Fdp%252FB00BSNACII%252Fref%253Dcm_sw_r_pi_dp_myarxb0SMX6VY%26media%3Dhttp%253A%252F%252Fecx.images-amazon.com%252Fimages%252FI%252F51Lfv-i-z6L.jpg&amp;token=9F58B366258E1A8B5259E9BEF3482E02341F42D3"><i class="a-icon a-icon-share-pinterest" aria-label="Pinterest"><span class="a-icon-alt">Pinterest</span></i></a><span class="a-letter-space"></span>
        
    
    
     

</div>

<script type="text/javascript">
P.when("A","jQuery").execute(function(A,$) {
  var taf = $("#tell-a-friend");
  taf.children("[data-height]").click(function() {
        var height = $(this).attr("data-height");
        window.open(this.href, "_blank", "location=yes,width=700,height=" + height);
        return false;
  });

  A.on.load(function () {
    var hashValue = window.location.hash;
    var hashIndex;
    var swfHashValue = "_swftext_Swf";
    hashIndex = hashValue.indexOf(swfHashValue);
    if (hashValue != "" &&  hashIndex > -1) {
      $("#swfText").click();
      window.location.hash = window.location.hash.replace(swfHashValue, "");
    }
 });
});

</script>


	                
                
            
        
        
        
        
        
        
    
    
    

    















    </div>





        
        
    
        
        
        
        






        
        
    
        
        
        
        






        
        
    
        
        
        
        






        
        
    
        
        
        
        






        
        
    
        
        
        
        






        
        
    
        
        
        
        









    <div id="buybox_feature_div" class="feature" data-feature-name="buybox">




    

    
    
    
        
            
                
	                
	                
	                	


















    
    
    





















<div id="buybox" data-isPartialSizeWeblab="false" class="a-section a-spacing-medium">
    
    
     

    
    

    
    

    
    

    
    

    
    
    
    
    
    
    
      <form method="post" id="addToCart" action="/gp/product/handle-buy-box/ref=dp_start-bbf_1_glance" class="a-content">
        <input type="hidden" id="session-id" name="session-id" value="278-8288477-3349315">
        <input type="hidden" id="ASIN" name="ASIN" value="B00BSNACII">
        <input type="hidden" id="offerListingID" name="offerListingID" value="UPD%2BqTfllelo04vv2N51I5nTmYETXUR0uvuHeuZf1Lo81CoBtWHYZKxUy5jz%2F7%2FzMcOfAsDNQ3oigaAxleFF5nDmoXyLU9PGr1CZPHjEU5s%3D">
        <input type="hidden" id="isMerchantExclusive" name="isMerchantExclusive" value="1">
        <input type="hidden" id="merchantID" name="merchantID" value="A3JWKAKR8XB7XF">
        <input type="hidden" id="isAddon" name="isAddon" value="0">
        <input type="hidden" id="nodeID" name="nodeID" value="340846031">
        <input type="hidden" id="sellingCustomerID" name="sellingCustomerID" value="A3JWKAKR8XB7XF">
        <input type="hidden" id="qid" name="qid" value="">
        <input type="hidden" id="sr" name="sr" value="">
        <input type="hidden" id="storeID" name="storeID" value="grocery">
        <input type="hidden" id="tagActionCode" name="tagActionCode" value="340846031">
        <input type="hidden" id="viewID" name="viewID" value="glance">
        




        
        
            
            






        

        
        

        
        

        
        <input type="hidden" id="rsid" name="rsid" value="278-8288477-3349315">
        <input type="hidden" id="sourceCustomerOrgListID" name="sourceCustomerOrgListID" value="">
        <input type="hidden" id="sourceCustomerOrgListItemID" name="sourceCustomerOrgListItemID" value="">
        <input type="hidden" name="wlPopCommand" value="">
        
        

        
        
        

        
        

        
            
            

                
            

            
            

            
            

            
            

            
            

            
            

            
            
                

                    
                    

                    

                    

                    
                    

                    
                    

                    
                    
                        
                            
                            
                                    <div class="a-box"><div class="a-box-inner a-padding-base">
                                        

















    


<div class="a-section a-spacing-none a-padding-none">

    
        



    

    
    
    
    
        
        



    
        
        
        
            



<style type="text/css">
#bbop-sbbop-container {
  margin-bottom: 0px;
}
</style>


<div id="bbop-sbbop-container" class="a-section">
    
        
        <div id="sbbop-popover-header" class="a-section a-hidden">
            <div class="a-box a-alert-inline a-alert-inline-success">
                <div class="a-box-inner a-alert-container">
                    <i class="a-icon a-icon-alert"></i>
                    <div class="a-color-base">
                        Aptamil+Kindermilch+1++ab...
                        <product name> ist in Ihrem Einkaufwagen hinzugefügt worden 
                    </div>
                </div>
            </div>
        </div>
    
</div>

<script type="text/javascript">


if( window.P ){
    P.when("A").execute(function(A) {

        
        if (window.sbbopLoaded === undefined) {
            window.sbbopLoaded = false;
        }
        

        function getQueryParameterByName(name) {
            name = name.replace(/[\[]/, "\\[").replace(/[\]]/, "\\]");

            var regex = new RegExp("[\\?&]" + name + "=([^&#]*)"),
                results = regex.exec(location.search);

            return results == null ? "" : decodeURIComponent(results[1].replace(/\+/g, " "));
        }

        
        var hidden, visibilityChange;
        if (typeof document.hidden !== "undefined") { 
            hidden = "hidden";
            visibilityChange = "visibilitychange";
        } else if (typeof document.mozHidden !== "undefined") {
            hidden = "mozHidden";
            visibilityChange = "mozvisibilitychange";
        } else if (typeof document.msHidden !== "undefined") {
            hidden = "msHidden";
            visibilityChange = "msvisibilitychange";
        } else if (typeof document.webkitHidden !== "undefined") {
            hidden = "webkitHidden";
            visibilityChange = "webkitvisibilitychange";
        }

        
        var loadFeatures = function() {
            

            
            var $ = A.$,
                $container = $("#bbop-sbbop-container");

            var data = {
                "ASIN" : "B00BSNACII",
                "merchantID" : "A3JWKAKR8XB7XF",
                "bbopruleID" : "Mom_AddToCart_PrimeMomFreeTrialUpsellEligible",
                "sbbopruleID" : "Mom_AddToCart_PrimeMomFreeTrialUpsellEligible",
                "deliveryOptions" : "[premium-de,std-de-dom-dp]",
                "preorder" : "false",
                "releaseDateDeliveryEligible" : "false"
            };

            
            $.get("/gp/product/du/bbop-ms3-ajax-endpoint.html", data, function(result) {
                
                    
                    
                        $container.append(result);
                    
                

                
                
                

                if (getQueryParameterByName("checkBBOP") === "true") {
                    P.when("a-modal", "ready").execute(function(modal) {
                      $('#bbop-check-box').click();
                    });
                }

                
                loadSBBOP();
                
            });

            
            var loadSBBOP = function(){
                P.when("a-modal", "ready").execute(function(modal) {
                    if(!window.sbbopLoaded){
                        var sbbop_modal = createModal(modal);

                        if (sbbop_modal !== undefined) {
                            $(document.body).delegate('#add-to-cart-button','click.sbbop', function(event){
                                $(document.body).undelegate('#add-to-cart-button','click.sbbop');

                                var $sbbop = $("#sbbop-container"),
                                    $sbbopContent = $sbbop.find("#sbbop-popover-content"),
                                    $sbbopHeader = $container.find("#sbbop-popover-header"),
                                    $sbbopFooter = $sbbop.find("#sbbop-popover-footer"),
                                    isAsinizationCase = $sbbop.find(".is-sbbop-asinization-usecase").length > 0,
                                    $bbopCheckbox = $('#bbop-check-box'),
                                    $atcButton = $('#add-to-cart-button'),
                                    atcName = $atcButton.attr("name"),
                                    hasSingleYesButton = ($('#sbbop-yes-button').length === 1),
                                    hasSingleNoButton  = ($('#sbbop-no-button').length === 1),
                                    validAtcButton = ($atcButton.length === 1 && atcName != "submit.add-to-cart-prime-buy-box.x"),
                                    validSbbopContent = ($sbbopContent.length === 1 && $sbbopHeader.length === 1 && $sbbopFooter.length === 1),
                                    validSbbopButtons = (hasSingleYesButton && hasSingleNoButton),
                                    bbopIsNotChecked = !$bbopCheckbox.is(":checked");

                                if (validAtcButton && validSbbopContent && validSbbopButtons && bbopIsNotChecked) {
                                    $atcButton.bind('click.sbbop', function(){return false;});  
                                    $(document.body).delegate("#sbbop-yes-button", "click", function(event){
                                        if(isAsinizationCase){
                                            $bbopCheckbox.prop("checked",true);
                                            logMetric("CSM_prime_surprise_BBOP_yes_button_HO");
                                        }
                                        else {
                                            $atcButton.attr("name", "submit.add-to-cart-prime-buy-box.x");
                                            logMetric("CSM_prime_surprise_BBOP_yes_button");
                                        }
                                        safeATCClick();
                                    });

                                    $(document.body).delegate("#sbbop-no-button", "click", function(event){
                                        if(isAsinizationCase) {
                                            logMetric("CSM_prime_surprise_BBOP_no_button_HO");
                                        }
                                        else {
                                            logMetric("CSM_prime_surprise_BBOP_no_button");
                                        }
                                        safeATCClick();
                                    });

                                    
                                    $(document.body).delegate(".a-popover", "keydown", function(event){
                                        if(event.keyCode == "27"){
                                            event.preventDefault();
                                        }
                                    });

                                    A.on("a:popover:ajaxFail:sbbop_modal", safeATCClick);
                                    A.on("a:popover:hide:sbbop_modal", function(){
                                        if(isAsinizationCase) {
                                            logMetric("CSM_prime_surprise_BBOP_close_button_HO");
                                        }
                                        else {
                                            logMetric("CSM_prime_surprise_BBOP_close_button");
                                        }
                                        safeATCClick();
                                    });
                                    A.on("a:popover:beforeShow:sbbop_modal", function(){
                                            setEventEmbu();
                                    });

                                    sbbop_modal.show();
                                    if(isAsinizationCase) {
                                        logMetric("CSM_prime_surprise_BBOP_presentation_HO");
                                    }
                                    else {
                                        logMetric("CSM_prime_surprise_BBOP_presentation");
                                    }
                                    return false;
                                } 
                            });
                        }
                        window.sbbopLoaded = true;
                    }
                });
            };

            var createModal = function(modal) {
                var $sbbop = $("#sbbop-container"),
                    $sbbopContent = $sbbop.find("#sbbop-popover-content"),
                    $sbbopHeader = $container.find("#sbbop-popover-header"),
                    $sbbopFooter = $sbbop.find("#sbbop-popover-footer");

                if($sbbopContent.length === 1 && $sbbopHeader.length === 1 && $sbbopFooter.length === 1){ 
                    sbbopWidth = parseInt(($sbbop.find("#sbbop-popover")).attr("popover-width"), 10);

                    return modal.create($sbbop, {
                        "inlineContent": $sbbopContent.html(),
                        "header": $sbbopHeader.html(),
                        "footer": $sbbopFooter.html(),
                        "width": sbbopWidth,
                        "activate": "onclick",
                        "name": "sbbop_modal"
                    });
                }
                return undefined;
            }

            var logMetric = function(customTag){
                if(window.ue && ue.tag) {
                    ue.tag(customTag, "surpriseBBOP")
                }
            };

            var postBackMetrics = function(){
                if (window.ue){
                    uex("ld", "surpriseBBOP");
                }
            };

            var setEventEmbu = function(){
                var eventData = { "eventCode" : "106" };
                $.get("/gp/prime/utility/record-embu-event.html", eventData);
            };

            var safeATCClick = function() {
                postBackMetrics();                                 
                $('#add-to-cart-button').unbind('click.sbbop')     
                    .click()                                       
                    .bind('click.sbbop',function(){return false}); 
            };
            
            
        }

        
        var handleVisibilityChange = function() {
            if (!document[hidden]) {
                
                document.removeEventListener(visibilityChange, handleVisibilityChange);
                loadFeatures();
            }
        }

        if (typeof document.addEventListener === "undefined" ||
            typeof document[hidden] === "undefined" || !document[hidden]) {
            
            loadFeatures();
        } else {
            
            document.addEventListener(visibilityChange, handleVisibilityChange);
        }
    });
}
</script>

        
    


    
    
    
    
         

            
    
    
    
    
    
    
        
            





        
    
    
    
    

    
    



	

    
    




    
        
        




    

    
    




    
    

    
    














    
    
    







<div class="a-button-stack">
    <span id="submit.add-to-cart" class="a-button a-spacing-small a-button-primary a-button-icon"><span class="a-button-inner"><i class="a-icon a-icon-cart"></i><input id="add-to-cart-button" name="submit.add-to-cart" title="In den Einkaufswagen" data-hover="Wählen Sie &lt;b&gt;__dims__&lt;/b&gt; auf der linken Seite&lt;br&gt; zum Hinzufügen zum Einkaufswagen" class="a-button-input" type="submit" value="In den Einkaufswagen" aria-labelledby="submit.add-to-cart-announce"><span id="submit.add-to-cart-announce" class="a-button-text" aria-hidden="true">In den Einkaufswagen</span></span></span>
</div>


     
    
    

    
    








    
    
        









<div id="OneClickBox" class="a-button-stack">
        
        
        
        
        
        
            <div id="oneClickSignIn" class="a-section a-spacing-mini a-text-center">
                



<hr class="a-divider-normal">

<a class='oneClickSignInLink' href='/gp/product/utility/edit-one-click-pref.html/ref=dp_oc_signin?ie=UTF8&amp;query=&amp;returnPath=%2Fgp%2Fproduct%2FB00BSNACII'>
    <span class="a-size-mini">1-Click-Bestellungen aktivieren</span>
</a>

                
                    
                    
                
            </div>
        
        
        
        
    
</div>

    

    
    
    
    
    
    
    
        

 

        <div id="unifiedLocation_feature_div" data-feature-name="unifiedLocation" data-template-name="unifiedLocation" class="a-section feature unifiedLocationMarginBottomClass">
              








    
    
    
        <script type="text/javascript">
            P.now("LOCUX_DETALPAGE_51079_T1").execute(function(LOCUX_DETALPAGE_51079_T1) {
                if (!LOCUX_DETALPAGE_51079_T1) {
                    P.declare("LOCUX_DETALPAGE_51079_T1", {});
                }
            });
        </script>
    
    
    

    
        
        
            










    <div class="a-section a-spacing-none">
        
            <hr class="a-divider-normal">
        
        <div class="a-section a-spacing-mini">
                <span class="a-text-bold">
                    Lieferort:
                </span>
            </div>
            
            <div class="a-section a-spacing-none">
                <span class="a-declarative" data-action="a-popover" data-a-popover="{&quot;closeButton&quot;:&quot;false&quot;,&quot;name&quot;:&quot;LUXAddressSelector&quot;,&quot;activate&quot;:&quot;onclick&quot;}">
                    <a href="javascript:void(0)" class="a-popover-trigger a-declarative">
                        <span class="a-color-base lux-location-label">
                            Wählen Sie eine Lieferadresse:
                        </span>
                    <i class="a-icon a-icon-popover"></i></a>
                </span>
            </div>
        
    

    
    
        
        

        <div class="a-popover-preload" id="a-popover-LUXAddressSelector">
            <!-- Section to show to unrecognized customers (instead of address selector) -->
            
                <div id="unifiedLocationTitleNoAddress" class="a-section a-spacing-small a-spacing-top-small a-text-center">
                    <span class="a-text-bold">
                        Um Adressen zu sehen, bitte
                    </span>
                    <br>
                    <span id="unifiedLocationSignIn" class="a-button a-spacing-top-base a-button-primary"><span class="a-button-inner"><input class="a-button-input" type="submit" aria-labelledby="unifiedLocationSignIn-announce"><span id="unifiedLocationSignIn-announce" class="a-button-text" aria-hidden="true">
                        Anmelden
                    </span></span></span>
                </div>
            
            <!-- Place holder for anchoring the address selector -->
            <div id="lux-address-selector-anchor" class="a-section a-spacing-none"></div>
            <div class="a-section a-spacing-none lux-address-selector-divider">
                
            </div>
            
                <div id="unifiedLocationAddrInputDiv" class="a-section a-spacing-none">
                    <div class="a-divider a-divider-break lux-zip-selector-divider"><h5>Oder</h5></div>
                    <label class="a-text-bold">
                        Diesen Ort verwenden:
                    </label>
                    <div class="a-row a-spacing-top-micro" role="form">
                        <div class="a-column a-span7" role="form">
                            
                            <input type="text" maxlength="5" id="unifiedLocationAddrInput" placeholder="Deutsche PLZ eingeben" class="a-input-text a-span12">
                        </div>
                        <div class="a-column a-span5 a-span-last" role="button">
                            <span id="unifiedLocationAddrUpdate" class="a-button a-button-span12"><span class="a-button-inner"><input class="a-button-input" type="submit" aria-labelledby="unifiedLocationAddrUpdate-announce"><span id="unifiedLocationAddrUpdate-announce" class="a-button-text" aria-hidden="true">
                                Aktualisieren
                            </span></span></span>
                        </div>
                    </div>
                    <div id="unifiedLocationInvalidInputAlert" class="a-row a-spacing-top-small aok-hidden">
                            <span class="a-color-error">
                                Bitte tragen Sie eine deutsche PLZ ein.
                            </span>
                    </div>
                    <div id="LUXInvalidZipCodeAlert" class="a-row a-spacing-top-small aok-hidden" role="alert">
                        <div class="a-box a-alert-inline a-alert-inline-error a-spacing-none"><div class="a-box-inner a-alert-container"><i class="a-icon a-icon-alert"></i><div class="a-alert-content">
                            Bitte tragen Sie eine deutsche PLZ ein.
                        </div></div></div>
                    </div>
                    <div id="LUXMilitaryZipCodeAlert" class="a-row a-spacing-top-small aok-hidden" role="alert">
                        <div class="a-box a-alert-inline a-alert-inline-info a-spacing-none"><div class="a-box-inner a-alert-container"><i class="a-icon a-icon-alert"></i><div class="a-alert-content">
                            
                        </div></div></div>
                    </div>
                </div>
            
            
                <div class="a-divider a-divider-break a-spacing-base a-spacing-top-base lux-country-selector-divider"><h5>Oder</h5></div>
                <div id="unifiedLocationCountrySelectionDiv" class="a-row a-spacing-none a-spacing-top-small">
                </div>
            
        </div>

        <script type="text/javascript">
            var shouldPopulateCountrySelector = true;
            P.now("LOCUX_DETAILPAGE_68144_T1").execute(function(LOCUX_DETAILPAGE_68144_T1) {
                if(LOCUX_DETAILPAGE_68144_T1) {
                    shouldPopulateCountrySelector = true;
                }
            });

            P.now("LUXContext").execute(function(LUXContext) {
                if (!LUXContext) {
                    P.declare("LUXContext", {
                        isRecognizedCustomer: false,
                        deviceType: "web",
                        isOneClick: false,
                        clientPage: "DPX",
                        shouldPopulateCountrySelector: shouldPopulateCountrySelector
                    });
                }
            });

            P.when("LUXController").execute(function(LUXController) {
                LUXController.init({
                    addressLabel : "",
                    addressId    : "",
                    obfuscatedId : "",
                    countryCode  : "DE",
                    zipCode      : "34117",
                    state        : "Hessen",
                    city         : "Kassel",
                    district     : "",
                    locationType : "REALM_DEFAULT"
                });
            });
        </script>
    </div>
    


        
    
    




    
    
    

    
    
        



    
    

    <script type="text/javascript">
    P.now("LUXDPOnly").execute(function(DP) {
        DP || P.declare("LUXDPOnly", {});
    });
    P.when("LUXDPRefreshController").execute(function(Controller) {
        Controller.init({
            asin : "B00BSNACII",
            merchantId : "A3JWKAKR8XB7XF",
            deviceType : "web",
            smid : "",
            exMerchId : "A3JWKAKR8XB7XF",
            wdg: "grocery_display_on_website",
            oneClick : false,
            addressId : "",
            obfuscatedId : "",
            city : "Kassel",
            state : "Hessen",
            countryCode : "DE",
            zipCode : "34117",
            district : "",
            useTwisterRefresh : "",
            updateAddressForNon1Click : "",
            relatedRequestId : "0WSYMHX46SV2Y1P04DFY"
        });
    });
    </script>


    


        </div>


    

</div>

                                        
                                            





























    


















    <hr class="a-spacing-base a-divider-normal">












    
        
    





  <div id="wishlistButtonStack" class="a-button-stack">
      
      
      
          
          
          
          
          
          
          
          
          <div id="add-to-wishlist-button-group" data-hover="&lt;!-- If PartialItemStateWeblab is true then, showing different Add-to-wish-list tool-tip message which is consistent with Add-to-Cart tool tip message.  --&gt;
    
        
        
            Auf die Liste? Bitte wählen Sie aus dem Sortiment links." class="a-button-group a-declarative a-spacing-none" data-action="a-button-group" role="radiogroup">
                  <span id="wishListMainButton" class="a-button a-button-group-first a-spacing-none"><span class="a-button-inner"><input id="add-to-wishlist-button-submit" name="submit.add-to-registry.wishlist" title="Auf die Liste" data-action="atwl-splitbutton-main" data-hover="&lt;!-- If PartialItemStateWeblab is true then, showing different Add-to-wish-list tool-tip message which is consistent with Add-to-Cart tool tip message.  --&gt;
    
        
        
            Auf die Liste? Bitte wählen Sie aus dem Sortiment links." class="a-button-input a-declarative" type="submit" aria-labelledby="wishListMainButton-announce"><span id="wishListMainButton-announce" class="a-button-text a-text-left" aria-hidden="true">
                      Auf die Liste
                      
                  </span></span></span>
                  
          </div>
          <div id="atwl-dd-spinner-holder" class="a-section a-hidden">
              <div class="a-row a-dropdown">
                  <div class="a-section a-popover-wrapper">
                      <div class="a-section a-text-center a-popover-inner">
                          <div class="a-box a-popover-loading"><div class="a-box-inner">
                          </div></div>
                      </div>
                  </div>
              </div>
          </div>
          <div id="atwl-dd-error-holder" class="a-section a-hidden">
              <div class="a-section a-dropdown">
                  <div class="a-section a-popover-wrapper">
                      <div class="a-section a-spacing-base a-padding-base a-text-left a-popover-inner">
                          <h3 class="a-color-error">
                              
                          </h3>
                          <span>
                              
                          </span>
                      </div>
                  </div>
              </div>
          </div>
          <div id="atwl-dd-unavail-holder" class="a-section a-hidden">
              <div class="a-section a-dropdown">
                  <div class="a-section a-popover-wrapper">
                      <div class="a-section a-spacing-base a-padding-base a-text-left a-popover-inner">
                          <h3 class="a-color-error">
                              
                          </h3>
                          <span>
                              
                          </span>
                      </div>
                  </div>
              </div>
          </div>
      
      <script type="a-state" data-a-state="{&quot;key&quot;:&quot;atwl&quot;}">{"hzPopover":false,"wishlistButtonId":"add-to-wishlist-button","dropDownHtml":"","wishlistButtonSubmitId":"add-to-wishlist-button-submit","maxAjaxFailureCount":"3","asin":"B00BSNACII"}</script>
      






















<script type="a-state" data-a-state="{&quot;key&quot;:&quot;jumpstart-success-modal-state&quot;}">{"showDPHeadJavaScript":false,"showBabyRegSuccessModal":false,"addSuccessModalHeader":"","hasBabyReg":false}</script>

<input type="hidden" name="" value="true" id="is-fully-selected-baby-reg">




  </div>













<script type="a-state" data-a-state="{&quot;key&quot;:&quot;popoverState&quot;}">{"formId":"addToCart","showWishListDropDown":true,"babyRegistryId":"add-to-registry-baby-button","showBabyRegDropdown":false,"wishlistPopoverWidth":206,"isAddToWishListDropDownAuiEnabled":true,"showPopover":false,"isBabyRegistryBrowseScriptDeprecated":false}</script>

                                        
                                    </div></div>
                            
                        
                    
                
                
            
        
    </form>
    
    
</div>

	                
                
            
        
        
        
        
        
        
    
    
    
        
    

    















    </div>





        
        
    
        
        
        
        






        
        
    
        
        
        
        






        
        
    
        
        
        
        






        
        
    
        
        
        
        






        
        
    
        
        
        
        






        
        
    
        
        
        
        






        
        
    
        
        
        
        






        
        
    
        
        
        
        









    <div id="moreBuyingChoices_feature_div" class="feature" data-feature-name="moreBuyingChoices">




    

    
    
    
        
            
                
	                
	                
	                	















    
    
        
    
























<!-- First fetch if the fmaFallback is true -->

<!-- If fma fall back is true, lets filter the offers with the buyboxMerchantId -->
















    
    
    
      <div class="a-section a-spacing-medium">
        <div id="mbc-action-panel-wrapper" style="">
            
            
            
            
            
                <div id="mbc" data-asin="B00BSNACII" data-brand="Aptamil" data-product-group="grocery_display_on_website" data-timeout="Leider ist ein Problem aufgetreten." class="a-box-group">
                
                    
                    
                        <div class="a-box a-text-center"><div class="a-box-inner a-padding-small">
                            
                                
                            
                            <h5>
                                
                                <span>Andere Verkäufer auf Amazon</span>
                            </h5>
                        </div></div>
                    
                
                
                
                    
                        <script type="text/javascript">
                            var MBCFeatureScope = "mbcUI";
                            if (typeof uet == 'function') {
                                uet('bb', MBCFeatureScope, {wb: 1});  //timestamp body-begin
                            }
                        </script>
                        <!-- Use fmaFallbackFilteredOffers if the fallback is true. Otherwise use the regular qualifiedOfferslist -->
                        
                            <div class="a-box mbc-offer-row pa_mbc_on_amazon_offer"><div class="a-box-inner a-padding-small">
                                
                                    
                                
                                
                                    
                                    
                                    
                                        
                                    
                                
                                
                                        
                                        
                                        
                                            <span class="a-button a-button-primary a-button-small a-float-right"><span class="a-button-inner"><a href="/gp/item-dispatch/ref=dp_ebb_1?ie=UTF8&amp;registryItemID.1=&amp;submit.addToCart=addToCart&amp;registryID.1=&amp;offeringID.1=DD1tHRhYgALl4aAAs2QLQrde5gkNNqyxnB56R4vZLR5Q44IhqbfcWGd6z411YLEwSFPq96ii1iDiiXaPK9fpqYTiC4JMurOyZammO5fNdUZMQB1WAiKA2IWcNaffmouNGFefH%252Brozvf5O2R2w%252FWxaQ%253D%253D&amp;storeID=grocery&amp;nodeID=340846031&amp;signInToHUC=0&amp;session-id=278-8288477-3349315&amp;itemCount=1" class="a-button-text" role="button">In den Einkaufswagen</a></span></span>
                                        
                                
                                
                                    
                                        <span class="a-declarative" data-action="a-popover" data-a-popover="{&quot;cache&quot;:&quot;true&quot;,&quot;closeButton&quot;:&quot;false&quot;,&quot;name&quot;:&quot;abigarrado - Preise inkl. MwSt.&quot;,&quot;width&quot;:&quot;280&quot;,&quot;header&quot;:&quot;&quot;,&quot;position&quot;:&quot;triggerLeft&quot;,&quot;scrollable&quot;:&quot;false&quot;,&quot;url&quot;:&quot;/gp/product/du/mbc-seller-information.html/ref=dp_mbc_info_0?c=new&amp;a=B00BSNACII&amp;me=A2CIM61MXS3RON&amp;brand=Aptamil&amp;productGroupID=grocery_display_on_website&amp;isUDP=1&amp;isAGS=0&quot;}">
                                            




<div class="a-row">
    
        
        
            <div class="a-section a-spacing-none">
                <span class="a-size-medium a-color-price">
                    EUR 49,90
                </span>
                
                    <span class="a-size-small a-color-price">
                        (EUR 20,79 /  kg)
                    </span>
                
                






                <br>
                
                
                
                    <span class="a-size-small a-color-secondary">+&nbsp;GRATIS Lieferung innerhalb Deutschlands</span>
                
                
                
            </div>
        
    
    <div class="a-section a-spacing-none">
        <span class="a-size-small a-color-secondary">
            Verkauft von:
        </span>
        <span class="a-size-small mbcMerchantName">
            abigarrado - Preise inkl. MwSt.
        </span>
        
    </div>
</div>

                                        </span>
                                    
                                    
                                
                            </div></div>
                        
                            <div class="a-box mbc-offer-row pa_mbc_on_amazon_offer"><div class="a-box-inner a-padding-small">
                                
                                    
                                
                                
                                    
                                    
                                    
                                        
                                    
                                
                                
                                        
                                        
                                        
                                            <span class="a-button a-button-primary a-button-small a-float-right"><span class="a-button-inner"><a href="/gp/item-dispatch/ref=dp_ebb_2?ie=UTF8&amp;registryItemID.1=&amp;submit.addToCart=addToCart&amp;registryID.1=&amp;offeringID.1=DD1tHRhYgALl4aAAs2QLQrde5gkNNqyxrfKc3RIueDrmjBdtoHyloyHXtIz%252Faj%252FPe2Gk%252BBgL%252Fm7RVcMO%252BZB%252BeCep13zAqIb4SL4AoKVd2XWAz%252F4OPQgVrXfY%252BqGXqxk70kro10q%252FkctcT2TIpX1kNg%253D%253D&amp;storeID=grocery&amp;nodeID=340846031&amp;signInToHUC=0&amp;session-id=278-8288477-3349315&amp;itemCount=1" class="a-button-text" role="button">In den Einkaufswagen</a></span></span>
                                        
                                
                                
                                    
                                        <span class="a-declarative" data-action="a-popover" data-a-popover="{&quot;cache&quot;:&quot;true&quot;,&quot;closeButton&quot;:&quot;false&quot;,&quot;name&quot;:&quot;Foodstore (Preise inkl. MwSt zzgl. Versand)&quot;,&quot;width&quot;:&quot;280&quot;,&quot;header&quot;:&quot;&quot;,&quot;position&quot;:&quot;triggerLeft&quot;,&quot;scrollable&quot;:&quot;false&quot;,&quot;url&quot;:&quot;/gp/product/du/mbc-seller-information.html/ref=dp_mbc_info_1?c=new&amp;a=B00BSNACII&amp;me=A1NXDFOPC4W99L&amp;brand=Aptamil&amp;productGroupID=grocery_display_on_website&amp;isUDP=1&amp;isAGS=0&quot;}">
                                            




<div class="a-row">
    
        
        
            <div class="a-section a-spacing-none">
                <span class="a-size-medium a-color-price">
                    EUR 53,31
                </span>
                
                    <span class="a-size-small a-color-price">
                        (EUR 22,21 /  kg)
                    </span>
                
                






                <br>
                
                
                
                    <span class="a-size-small a-color-secondary">+ EUR 2,90 Versandkosten</span>
                
                
                
            </div>
        
    
    <div class="a-section a-spacing-none">
        <span class="a-size-small a-color-secondary">
            Verkauft von:
        </span>
        <span class="a-size-small mbcMerchantName">
            Foodstore (Preise inkl. MwSt zzgl. Versand)
        </span>
        
    </div>
</div>

                                        </span>
                                    
                                    
                                
                            </div></div>
                        
                            <div class="a-box mbc-offer-row pa_mbc_on_amazon_offer"><div class="a-box-inner a-padding-small">
                                
                                    
                                
                                
                                    
                                    
                                    
                                        
                                    
                                
                                
                                        
                                        
                                        
                                            <span class="a-button a-button-primary a-button-small a-float-right"><span class="a-button-inner"><a href="/gp/item-dispatch/ref=dp_ebb_3?ie=UTF8&amp;registryItemID.1=&amp;submit.addToCart=addToCart&amp;registryID.1=&amp;offeringID.1=%252BnO2UqSGB7QfJy%252BDRFU%252BtpPdH9JbEzw225r23PYqFlKVutwIgkJPqJQRuedfumEjufJy6VWfeVGKLh0C0kmr%252FZin3Njk1YkkUJHVqoktmZPlJ9LEmAznpI92a8dbFksUmdPryKFBXxTI%252BadDggC83I4fy9sGucUl&amp;storeID=grocery&amp;nodeID=340846031&amp;signInToHUC=0&amp;session-id=278-8288477-3349315&amp;itemCount=1" class="a-button-text" role="button">In den Einkaufswagen</a></span></span>
                                        
                                
                                
                                    
                                        <span class="a-declarative" data-action="a-popover" data-a-popover="{&quot;cache&quot;:&quot;true&quot;,&quot;closeButton&quot;:&quot;false&quot;,&quot;name&quot;:&quot;schafi-shop&quot;,&quot;width&quot;:&quot;280&quot;,&quot;header&quot;:&quot;&quot;,&quot;position&quot;:&quot;triggerLeft&quot;,&quot;scrollable&quot;:&quot;false&quot;,&quot;url&quot;:&quot;/gp/product/du/mbc-seller-information.html/ref=dp_mbc_info_2?c=new&amp;a=B00BSNACII&amp;me=A1OZXNKKEHA7LD&amp;brand=Aptamil&amp;productGroupID=grocery_display_on_website&amp;isUDP=1&amp;isAGS=0&quot;}">
                                            




<div class="a-row">
    
        
        
            <div class="a-section a-spacing-none">
                <span class="a-size-medium a-color-price">
                    EUR 51,82
                </span>
                
                    <span class="a-size-small a-color-price">
                        (EUR 21,59 /  kg)
                    </span>
                
                






                <br>
                
                
                
                    <span class="a-size-small a-color-secondary">+ EUR 4,40 Versandkosten</span>
                
                
                
            </div>
        
    
    <div class="a-section a-spacing-none">
        <span class="a-size-small a-color-secondary">
            Verkauft von:
        </span>
        <span class="a-size-small mbcMerchantName">
            schafi-shop
        </span>
        
    </div>
</div>

                                        </span>
                                    
                                    
                                
                            </div></div>
                        
                        <script type="text/javascript">
                            if (typeof uet == 'function') {
                                uet('be', MBCFeatureScope, {wb: 1});  //timestamp body-end
                            }
                            if (typeof uex == 'function') {
                                uex('ld', MBCFeatureScope, {wb: 1});  //send metrics
                            }
                        </script>
                    
                    
                    
                    
                
                
                    <div class="a-box"><div class="a-box-inner a-padding-base">
                        <span class="a-size-small"><a href="/gp/offer-listing/B00BSNACII/ref=dp_olp_new_mbc?ie=UTF8&amp;condition=new">10&nbsp;neu</a>&nbsp;ab&nbsp;<span class='a-color-price'>EUR 39,80</span></span>
                    </div></div>
                
                </div>
            
        </div>
        
        








      </div>
    

<script type="text/javascript">
P.when('A','jQuery').execute(function(A,$)  {
    function toggleExpanderHeaderTextWeight(data) {
       $("[data-a-expander-name="+data.expander.expanderName+"] .a-mbc-expander-heading-text").toggleClass("a-mbc-expander-heading-text-bold");
    }

    var offerCount = 3;
    for(var i=1; i <= offerCount; i++){
        $(".mbcLi"+i).bind("click", function(){
            this.click();
        });
        $(".mbcLi"+i+" .a-button a").bind("click", function(){
            window.open(this.href,"_self");
        });
        A.on('a:expander:mbc_expander_'+i+':toggle:expand', toggleExpanderHeaderTextWeight);
        A.on('a:expander:mbc_expander_'+i+':toggle:collapse', toggleExpanderHeaderTextWeight);
    }

    if ($("#mbc-panel").length == 0) {
        $("#mbc-action-panel-wrapper").show();
    }
});
</script>

	                
                
            
        
        
        
        
        
        
    
    
    

    















    </div>





        
        
    
        
        
        
        






        
        
    
        
        
        
        









    <div id="product-ads-feedback_feature_div" class="feature" data-feature-name="productAdsFeedback">




    

    
    
    
        
            
                
	                
	                
	                	






	                
                
            
        
        
        
        
        
        
    
    
    

    















    </div>





        
        
    
        
        
        
        









    <div id="amsDetailRight_feature_div" class="feature" data-feature-name="amsDetailRight">




    

    
    
    
        
            
                
	                
	                
	                	<div id="amsDetailRight" data-detailPageAsin="B013USRV1E">
<noscript><style>#DAadrv2{display:none;}</style></noscript><div id="DAadrv2" class="copilot-secure-display celwidget  text/x-dacx-safeframe" data-campaign="4635" style="display: block; margin:auto; line-height:0;" cel_widget_id="DAadrv2" data-ad-details='{"slot" :"DAadrv2","slotName" :"ams-detail-right-v2","src" : "http://aax-eu.amazon-adsystem.com/x/getad?pa=B013USRV1E&c=100&pc=340846031&pt=Detail&u=http%3A%2F%2Fwww.amazon.de&src=506&sz=245x250&ad-sid=0101ecde63e8f841fc43d4255c13ef09b964e3a6e0812900639421faa91e49955a7c&pj=%7B%22asins%22%3A%22B013USRV1E%22%2C%22st%22%3A%22amzn.de.dp.groceries%22%2C%22zn%22%3A%22_default%22%2C%22prid%22%3A%220101e2efc552af444e38b13b40d03ca7b9b7f19bbc236db7d268c42bb455a1a4b4ed%22%2C%22bn%22%3A%22340846031%22%7D&slot=ams-detail-right-v2","adServer" :"aax","campaignId" :  "4635","arid" :"0d6dcfd5fcd642359ad3f83126367425","size" :{"width": "100%","height" : "250px"},"allowedSizes" :[],"allowedDomains" :  ["g-ecx.images-amazon.com"],"aanParams" :   "site%3Damazon.de%3Bpt%3DDetail%3Bslot%3Dams-detail-right-v2%3Bpid%3DB013USRV1E%3Basin%3DB013USRV1E%3Bbn%3D340846031%3Bprid%3D0WSYMHX46SV2Y1P04DFY%3Barid%3D0d6dcfd5fcd642359ad3f83126367425%3Bad-sid%3D0101ecde63e8f841fc43d4255c13ef09b964e3a6e0812900639421faa91e49955a7c","loadAfter" :   "criticalFeature","daJsUrl" : "https://dq4ijymydgrfx.cloudfront.net/2016-02-22/v1/feedback-de.js","iframeExtraStyle": "","iframeClass":  "","feedbackJsUrl":"https://dq4ijymydgrfx.cloudfront.net/2016-02-22/v1/feedback-de.js","showInlineFeedback": false,"inlineFeedbackParams": {},"boolFeedback": true,"adPixels": [],"adPixelDelay": "0","aaxPixelUrl":  "","usePrefetchRoute": false,"htmlContent":  "","htmlContentEncoded": ""}'></div><script>(function(window, document){if(typeof uet == 'function' && typeof ues == 'function') {ues('wb','DAadrv2',{wb:1}); uet('bb','DAadrv2',{wb:1}); }window.aanParams=window.aanParams||{};window.aanParams['ams-detail-right-v2']="site=amazon.de;pt=Detail;slot=ams-detail-right-v2;pid=B013USRV1E;asin=B013USRV1E;bn=340846031;prid=0WSYMHX46SV2Y1P04DFY;arid=0d6dcfd5fcd642359ad3f83126367425;ad-sid=0101ecde63e8f841fc43d4255c13ef09b964e3a6e0812900639421faa91e49955a7c";try {if(window.DAsf) {window.DAsf.loadAds();} else {var sfLibrary = document.createElement('script');sfLibrary.type = "text/javascript";sfLibrary.async = true;sfLibrary.charset = "utf-8";sfLibrary.src = "https://images-eu.ssl-images-amazon.com/images/G/01/dacx/sf/DAsf-1.34_FX1._V275812351_.js";(document.getElementsByTagName('head')[0]||document.getElementsByTagName('body')[0]).appendChild(sfLibrary);}} catch(ex) {if(window.ueLogError) {window.ueLogError(ex, {logLevel : 'ERROR',attribution : 'DACX-safeframe',message : 'Error appending DAsf library'});}};}(window, document));</script>
</div>
	                
                
            
        
        
        
        
        
        
    
    
    

    















    </div>





        
        
    
        
        
        
        









    <div id="servicesInterstitial_feature_div" class="feature" data-feature-name="servicesInterstitial">




    

    
    
    
        
            
                
	                
	                
	                	








	                
                
            
        
        
        
        
        
        
    
    
    

    















    </div>





        
        
    
        
        
        
        






        
        
    
        
        
        
        






        
        
    
        
        
        
        






        
        
    
</div>
         
<div id="leftCol" class="leftCol">
    
        
        
        
        









    <div id="imageBlock_feature_div" class="feature" data-feature-name="imageBlock">




    

    
    
    
        
            
                
	                
	                
	                	














    
    
    








    




    








<div id="imageBlock" aria-hidden="true" class="a-section">
    <div class="a-fixed-left-grid"><div class="a-fixed-left-grid-inner" style="padding-left:32px">
        
            <div id="altImages" class="a-fixed-left-grid-col a-col-left" style="width:40px;margin-left:-40px;_margin-left:-20px;float:left;">
                









    <div id="thumbs-image" class="a-hidden" customfunctionname="(function(id, state, onloadFunction){ P.when('A').execute(function(A){ A.trigger('image-block-twister-swatch-click', id, state, onloadFunction); }); });"></div>
    
    <ul class="a-nostyle a-button-list a-vertical a-spacing-top-micro">

        
        
        
        
        

        
            
                
                
                
                
                
                
                
                <li class="a-spacing-small item"><span class="a-list-item">
    <span class="a-declarative" data-action="thumb-action" data-thumb-action="{&quot;thumbnailIndex&quot;:&quot;0&quot;,&quot;variant&quot;:&quot;MAIN&quot;,&quot;index&quot;:0,&quot;type&quot;:&quot;image&quot;}">
        <span class="a-button a-button-selected a-button-thumbnail a-button-toggle a-button-focus"><span class="a-button-inner"><input class="a-button-input" type="submit"><span class="a-button-text" aria-hidden="true">
            
                
                
                    <img alt="" src="http://ecx.images-amazon.com/images/I/51Lfv-i-z6L._SX38_SY50_CR,0,0,38,50_.jpg">
                
            
        </span></span></span>
    </span>
</span></li>


                
            
        
            
                
                
                
                
                
                
                
                <li class="a-spacing-small item"><span class="a-list-item">
    <span class="a-declarative" data-action="thumb-action" data-thumb-action="{&quot;thumbnailIndex&quot;:1,&quot;variant&quot;:&quot;PT01&quot;,&quot;index&quot;:1,&quot;type&quot;:&quot;image&quot;}">
        <span class="a-button a-button-thumbnail a-button-toggle"><span class="a-button-inner"><input class="a-button-input" type="submit"><span class="a-button-text" aria-hidden="true">
            
                
                
                    <img alt="" src="http://ecx.images-amazon.com/images/I/51chE6cO8LL._SX38_SY50_CR,0,0,38,50_.jpg">
                
            
        </span></span></span>
    </span>
</span></li>


                
            
        

        
            
                <li class="a-spacing-small template"><span class="a-list-item">
                    <span class="a-button a-button-thumbnail a-button-toggle"><span class="a-button-inner"><input class="a-button-input" type="submit"><span class="a-button-text" aria-hidden="true">
                      <span class="placeHolder"></span>
                    </span></span></span>
                </span></li>
            
            
        
        
        

        
            

        

        
        

        
    </ul>

    

            </div>
            
        
        <div class="a-text-center a-fixed-left-grid-col a-col-right" style="padding-left:1%;*width:98.6%;float:left;">
            <div id="twister-main-image" class="a-hidden" customfunctionname="(function(id, state){ P.when('A').execute(function(A){ A.trigger('image-block-twister-swatch-hover', id, state); }); });"></div>
            <div class="a-row a-spacing-none a-grid-vertical-align a-grid-center canvas ie7-width-96">
                <div id="main-image-container" class = "a-dynamic-image-container">
                    
                        <div id="video-outer-container">
                            <div id="main-video-container">
                            </div>
                            <div id="video-canvas-caption" class="a-row">
                                <div class="a-column a-span12 a-text-center">
                                    <span id="videoCaption" class="a-color-secondary"></span>
                                </div>
                            </div>
                        </div>
                    
                    





<input id="show-immersive-view-on-softlines" type="hidden" value="false"/>



    
        
        
        
    
    
    
    
        
        
        
    
    
    
    
    
    
	
    
    

    


	


<!--     Creating a custom overlay for image not available experience -->
<div class="variationUnavailable unavailableExp">
    <div class="inner">
        
        <div class="a-box a-alert a-alert-error"><div class="a-box-inner a-alert-container"><h4 class="a-alert-heading">Bild nicht verfügbar</h4><i class="a-icon a-icon-alert"></i><div class="a-alert-content">
            <span class="a-text-bold">
                Keine Abbildung vorhanden für <br/>Farbe:
                <span class="unvailableVariation"></span>
            </span>
        </div></div></div>
    </div>
</div>
<div class="a-hidden" id="auiImmersiveViewDiv"></div> 
<ul class="a-nostyle a-horizontal list maintain-height">
    
    
    
        
            
                <li class="image
                 item itemNo0 selected maintain-height"><span class="a-list-item">
                    <span class="a-declarative" data-action="main-image-click" data-main-image-click="{}">
                        <div id="imgTagWrapperId" class="imgTagWrapper">
                          
                          <img alt="Aptamil Kindermilch 1+ ab 1 Jahr, 4er Pack (4 x 600 g)" src="
data:image/jpeg;base64,/9j/4AAQSkZJRgABAQAAAQABAAD/2wBDAAoHBwgHBgoICAgLCgoLDhgQDg0NDh0VFhEYIx8lJCIfIiEmKzcvJik0KSEiMEExNDk7Pj4+JS5ESUM8SDc9Pjv/2wBDAQoLCw4NDhwQEBw7KCIoOzs7Ozs7Ozs7Ozs7Ozs7Ozs7Ozs7Ozs7Ozs7Ozs7Ozs7Ozs7Ozs7Ozs7Ozs7Ozs7Ozv/wAARCAEsAMkDASIAAhEBAxEB/8QAHAAAAgIDAQEAAAAAAAAAAAAABAUABgECAwcI/8QATRAAAQMDAQUCCQkFBgUCBwAAAQIDBAAFESEGEjFBURNhFCIyM3GBkaGxBxUjQlJUcpLBFlNik9E2Q0R0grI1ZHPh8DfCJCU0Y3Wi8f/EABsBAAEFAQEAAAAAAAAAAAAAAAUAAQIDBAYH/8QANREAAgIBAwMDAgQEBQUAAAAAAQIAAxEEEjETIUEFFFEiUjJhcZEjsfDxBhWBwdEzNEKh4f/aAAwDAQACEQMRAD8A9I2nv4tEQNMEGY8CG0/YHNR/Tqa8+Lj5CleEOqUcnKlnU99HywqbOfkyFqW4tZ1zwA4Ad1DG3sFztCp3e7nDj2UXpo2L+c53Uarqv+QnDff0+mX+Y/1qFx/k8v8AMa6/NkfTxntAB55XI5rY25jd3Qt4DeKtHDnP9O6rtkz7x8zh2j/75f5jUDj3N5f5jRKIbSEBAKyBplSsn21nwVvqr20tkbfBe0f5PL/Mahcf5PL/ADGivBW+qvbU8Fb6q9tLZF1IL2j/AO/X+Y1t2jv75z8xojwVvqr21PBW+qvbS2Rb5o0246MmaEdynDk0Ui3qXug3JKSeXaZx684rj4I3/F7angjf8XtqJrPzLFtQcjP7zubY4AnFxBJOoLoG76fG+Ga5rgSkpyJrStMkeEjOenH311ZW6wMNuFI9AP6Vlx510JDjpVuneGgGD7O+odOyXdWg+DAiy+hvfcltpVkjcS+VH05Glce0d/fOfmNMg66lwLDqsgY1wR7OFYUpa0hKnVqCSCMngRUgrfErL1HgkRd2rv75z8xqdq5++c/MaZLmvxmFOpdP0KVKGUgjhz01quM7R7RSnChhBcW6CrCW1a8zjX08KzX6laCA45hX0/0m3Xqz0t2XnPaMS45zed/Oa7xIzkxe4JwaP/3HSM+jrSM7TX6M4slsNqRosFk4SeB05Uysl/usuW4y+pLYbSV4S3ukEkdeXdVKa5LWCIO5mzUf4f1Glqa+0gqvc4McOWGWyN52elAGud9Z09Vcxa1rA7G6tuZ4fSLGa7m4TMY8JXjoEp/pXEuuKOSs5HMJA/SrjXqc9iIHF2jx3VoDJakxJCmnnHUrSOSzgiuZdcIwXnPzmmCi4s5U+6T+M1EqcTwec9ZzWkK2O4Eylq89iZYtk9pTJKbZPczIA+hdUfODof4h76tea80U89u6PKBGoOBkHrwrr+0t7+/H8if6Vks0rFsrCFOuRVw2TOCs9o5ofLPLvqYP2T7K9LaGWxmgJF+tkWU/GfeKFxygOktq3UlZSE+NjGpUKcaw+FjH00ffKHg9D7Kxr9k+yrHK2jw6pTV2jIaUHC0fBVqGEb+cnGCcNr057uR37/PTpJCrqyhPiqK1RFJCQtQSgHIxnJ9+TU/dN9sh/lw+6VrB+yfZUweh9lWv5xlP9o7HucbsFqS0xmOokLI3hnrlJHT1VxF9LiRu3eP4jW84ERlFZJAIKRjn2jeBjJ1A1zhe7P2x/wDLh90rWD9k+ys7qvsn2VZF3x9hLvhFxYbw2l4lUVaeyQo7qc5HHe601twnrfU67MZfi+MkANbqt4HB14cQeVMdWR4jj00fdKOG1H6p9lbdmeYI9Iq03KZLulxNotLvYhvBlSkjzY+yP4v/ADrSeQTdJqShbjkKD9Ewpaiour4KcJPHoPXUvctkDHcyoaNSGIbsP5xd2R6VnsjTQQz0rbwM9Ku6olA05insjU7I038CPSseBd1LqiP7cxT2RrHZnpTbwI9KwqEoDVJp+qIx05iC5MOuW2Q2ygrcWgpSkc8/9s0tYuG2EeKzFbb+hYQEIQQggAJ3evSrU8wGgCtQQOaiNEgcSf8Azjiq3cr22oluEhaUD+9Wo7yvZoPZWe3SDVODkjHxCej9Vb06o17FYE57j8sTYXva4RVsmMgrO4A5hGiUgjGOec6mpbhcH5kyddEBMh/cAxjBCRjgO7FZsl1VPkKhv4LoSVIWOYHEHvpjIyhXZIKQsJ31rX5Laep655Dn6qjXoFpsDbiSJZqfWrdTQ1QqVQ3JAOfB+fymuDU1FKpF0iNlSWkPSD+8ddIz6AnAFKTf5EKUFkqcYJ8dpSirA7idRRMISMznsAnAMtVSolQWhK0nKVAEHqDUqEjIfJNCUWfJNCVEySz1JxT7cQmO0lx0HRClboOvWkL9qky3pD8izNrXIKC4hUs7i93BTlPDQpSOemaq5ADjmNPHPD01kLcHBxY9CjQ9dI475hg+pJn8Jlmbsy3CpDtgjtodaUwsiRqhtW8SlOOGqsacj3YrDtsmPvqdcsjSg4Ub6PCsJVuEFPi8BghPXQGkLb8gHxZDw9DhFGM9s4cqedV6Vk0jp3Hn+cmutVv/ABMPNlkFrs/mhTaSQSGp6k7u6AEqT0VgY5aVF2V5XjosbSHA32YUJZSQkbmMEcwUJIPIjvNbMRd7ysq9NHN25k4yyg+lIqhgw8zUrhvEXx7G8gstqsyA0dxtweFkgISvfzjmQon01xvNpu1vuVu+YO1EZLSmey3iUNEkneOT/Fx/hFP27ewngy2P9IohEdKRgDA6CmV2Vsx7EFi7e4iZ2KLdbkWaAs+EyPPPcwD5SyevIUQxbm2GUMtICUIG6kd1NEsITndQkZ4kDjW4b7qrDEMWPJkyg2hAOwi0RB0rYRB0pj2dZ7MdKn1DG6Yi7wQdKngmmcUwKABwrzraC4THZ61okOIS2fE3FEY76uoRrmwDMuqtXTpuIzGW1s1duiBhrRx0AAg8Brn4e+qbDuku2uh2O6rCTktqOUL6gim09ydtDaW5QQuRIgq7ORuDKlIOqVYH+oHFImosqUvsY8V5xxWm6EHSitCqtZV+fMBamyyy0PXnHiWja+TvWi3So+UszEEn1hJA+PsqjOuaV6u7s0bpskxaJH0S2G09m6BkpWBx9HH21SHvk22mDu4nwRxP2w7gewiqtNqK1UqxxibNRpLHcOByBBth2DK2mJ+q1HUo57yB+tbXi4h555tvxQt5RX/Fg7qfcB7TV12U2MXYGFmQ6lx94guKTwGOAHtry6+h223+fBdBBafVjvSTlJ9YINTqtSy0kGK6ixagMTdx1KQaVy3d7SsLklXOmOzVpcu91QpScx2FBbqiNDjgn11rZgBmUVU7e5l0jtFqGwhXFLSQfYK2Iop0Ek6UOoVkBzK3WaHyTQlFq4GhKRkVhivOOfjPxrIrCvOOfjPxrKeNOOIvMIYRkinERnOKWxk5Ip5DTwrLa0I6ZQYfHZGBRyG8cqpm2e237LttQ4TSHbi8jfHaeQ0jON4gcScHA7ifSn2D28u1z2m+b7vLQ83KQexw2lO6sa4GBzGePQVkNNjIX8QoHRSFnqATWcCpUzWTM0SVmsVCaUeZqV5js78pt0m7Totlwixiw++ppC2QUqQcnGck5GndXptWWVNWcNIK4biJLlcH0SS2y4UBHHAFVR613K7hxUJhDiQ4UKVvhO6ePP01brrYTcHu2YlKjrUML8XeCvV1rvaLSi0x+yQ6pwk7ylEYya1V3rUmU5mC3Tve+1/wwLZmxvWWIW1rQVuK3nSOZ5AeinwA6VKmayO5dix5m6upa0CLwJKlTNSoSyYKQaRX/Y2z7RgKmsFLyRhL7Z3Vgenn66eknlXnE/a7bljahyIxYN6Kl/cQjsFEOIz5XaA4GRrngOdXUhyfoOCJVZtx9QhDfySWZpwKVLmOpH1FEDPsFOG7DEt0cR4qA22nglIxVW+VDaW8QLtHt0Ga5EZVHDq+yO6tSiojVXHGnKrbs+89L2UtkiQ4p11yMgrWo5KjjiT1rUWu2B2bsZmKV7iAIuksJRnApY6nBp7NRxpNIGtaamzBmoUCCK4GhKMVwNB1cZiEMV5xf4z8a2TxrVXnF/jPxrZPGn8ReYfF4in0EZIFIYvEV02kuhtGysySlQDq0di1r9ZWmnoGT6qx2gscCFdN27zz6e6vbHb8pbJW1JkhpBT+6Tpkf6QT66xtHCVsftsrwJJSiM6iRGCj9U647xnI9VC7K31jZq8C4uwzKUhsobQHAjdJ55weXxorbHapja2XFkogGI6whTat50L30k5HIcNfbWva4cKB9OMS7IKk57z29E1Eu0CdGWCh1jtW1DoU5FeO2f5QNs31GFGdFwkSE4bCmUlSDxJGMZ066Vcfk2u3h2xkmC4oFyBvoAzruEEpPxHqqifJt/ba3ehz/YaxVVKvUDDOJe7k7SDzDbldPlFse5MuUmXHQs4SpQbWjPQgZA9dWa37Y3rajY6a3a0BF/iqb0a3cOJKhlQCtOG8CKs23CGnNirsHgkpEZRG99oap9+K84+SVS07VvAcFRFb35k0gVtpLlQCsc5RwueZVbf4f88smBvfOHbZaxjPaZ79OPqr1zZCVtXGg3STtOzIdLKQuO2EoK1gBRUEhPEnTjXmWzX9uoP+fPxNe27Q3tjZ6yv3OQlS0tABKE8VqJwB7anrGJKoBnMjQOSTxKE9K+UraVSn4kdVqiK8hslLasd5PjZ9gpGvarbXZO5iNcpLji0YWpiThaXE9Qoa47weNHQtptuts562LS81DbQMr7NICGweGVEEknu6cKR7a2y8Wu5R2r5chcJLjG+lwEncTkjd1781OtBu6bhf08yLN23KTPQNtNqZjexNuvNnkKiqlutnO6FEJKVEpOQRxHuqtw9tduL9bRCtUXtZDZPbTWmxkjkNfFSfj3VttD/6QWL/AK6PgunfyPf8Bn/5v/2JqraldJbbnBk9zM4GeRKbC212psF1KJ0uQ92S8SIsrUkcxk6pPQjupleb/t7do7lzYjTLfbEgrSI6cEI+0T5R01zwpX8pgA25uGBxQ3n8gr2FwBWyiwRkGEc/kqVrIqpYFGTGQMSVzxKP8m+2lzuN1Nnuj5lBbZWw8oAKBHFJI45Gue6lt+272gRtm9BjTBHisTAyGktpO8AoA5JGddaVfJj/AG1h/wDSc/20Hfv/AFAm/wD5P/31b0a+ue3iQ6jdPnzHnyuf2qjf5JP+5VX/AGW/sZav8sj4VQPlc/tVG/ySf9yqv+yv9jLV/lUfCs9n/bpJj/qmazedJJA1NPJvOkcnjVlMH6mBq4GgqNXwNBVpMHCGq84v8Z+NbJ41qrzi/wAZ+NbJ40/iLzD4vEVXflC+cJi4UCJAkvstJLy1tNKUkqOgGg4gA+2rFF4insIkAYNZmfY27EKacZGIi2I2Mtw2bYcvFqZelvErV27WVIB4DXhpTDaHYezSNn5rdutMVmX2JUytpoJVvjUAHvxj11ZGTpRA4Vge5y+7MKLWu3E8X2ARd7TfXUSLVNajzIy23FuMLSlBAKkkkjux66rmzTl1Zu8d6yI7SehKlNowDvAJO8MHjpnv6V9DykKciuoSMqUggDvxXlGw+xW0do2qhTLhbexjtBYWvtkKxlJA0BJ4mtlepVg7NgHH7yh6iuAIqvm0W2O0kcWybb30NlQKmGYa0lwg6b2cnGdcVePk42Pk2CM9PuKAiZKASG857NA5HvPP1VeMVmsr6ncmxVwJctOG3E5nhF92cvezm0rr8WFJU2iQX4shpsrTjeynJHMcCDVjiu7Ube2W6W65xvB1IbbdiKVHU0lS0qyU5PUad3GvVMVMVJtWWUZUZHmIU4PY9p4XYp+1mx0yQ1Fs7xW9hLjL0Za0kjOCCnGeJ4HBrG08TbC7y2J13tb6nHGfokR45IbRk6HGcHOuCc17pipipe8+rftGZHodtue08sv1unu/JRZYzcCSuQ28grZS0orSML4jGRypx8k0OXCsk5EuK9GUqVkJebKCRuJ1waAm7VbRRLdd74m5RizbrouIiC5HA7VIUAMLBznCvcaszG3dmdnCDmQJCVlt4dirdYUBk76sYA0OvcaVjWdMrjk5iVV3A54nnPyjWm6Sts5z0e2TH2lIb3XGmFKSfEHMCvWFtrOzCmghRc8DKd3GudzhjrQFu24stznNRGHH0KkBRjOOsqQiQE+VuEjXGK6Q9sbTPeioZ8JDcw7rD7kdaGnF4J3AojGdD7CKrsssZVUrxJqihiwPM8z+Ti1XOLthEdlWyYw2ltYK3WFJSPF6kULfLPdXNu5byLVNW0q47yXEx1FJG/xzjhXr7e0Vudt8Sch1RYmPiO0ooOSsqKcEctQRS627Zx3bU5MuLD0bsnS0pYYWW1HtChO6rHjZ0zjOKu9zYXL7fylfRXGMylfKpbbjM2ljOxLfKkNiGlJW0ypYB3laZAq4WKQuBsvaIr8OUHCw2g4b8gkY8bmMY1o57auGxGQ+5CuQSUFxY8Ccy0kEjK9NOBOOONaOL7ciMh9laVtOpC0LTwUCMg1UbWZFQjiOUAYsDFE3nSOTxp3N4Gkkjia10wXqYGvgfRQdGL4H0UJWkwcOYWrzi/xn41snjWqvOL/GfjWyeNP4i8w6NxFPIZ4UijHUU7hnhWO6FNNHTB0olJoNhWlEpND2ELKe06VmtQazVcnM1KxUzSjzNSsVgqAGpA9NLMU2rBrTt2RxdR+YVkOIV5K0n0GmyI+DKjs/sVGYnXGfd7dGelOXF1+M4rx91skFOnAHOTWlv2UnFra2NLUhlF5ec7BxKt4hKgoAkevhVzrFWm1jkyvYJQLZs9tFIk2GLcYUaJFsIID7bwWZJCd1O6BqkaDOeNM2Nn7ijZnZ6CpDYfgS2XXxv6BKSc4PPjVtqYFObWb+v6+YggEosSy31uBbrMu3NpZt9yTIVLMgYdbDilZSka5wdQceuurFmvYtabOuC2hEW4JkJk9uCHU+EBzRPEYTnjjXrV0rBpdU/EW0Sp7Q2a6XK6SB4N4bDejBuMkyyyiM5428paR5WcpxxxjGma7wm7zBtNsieDR8MR2mnw4vxkkDCiCCQdAMDvqxqOlCSDpUlYkASDAcxPN50kkcTTqYeNJJHGt9MEamCL4GhKLVzoPNaTB4hivOL/GfjWU8awrzi/xn41kcaccRvMMjnhTmIrhSRg600jL4VmtEIado8YXpRaV0rZc0GtFocrAywqjQ0KrcKoVLldQqqiJcDBLndTCcajsRlypTwJbaScDA4knkKGDW0ErxnZUaCnklpHaKHpJ0qSP7WRz/AMmr/cKX3W6OPS3Y0aU2otDx0NuAqTrg5AORrQnUXFFZzkgHgf7whXWPpUYyRyZ3etUdJ3p19muHmA/uD2CgXY+yzZysuvHqp1Sv1pTJad3vHO8T0UCefEcuB9hrguOtASVNkBXDI40Gs17eK8frkwrXpxgfxP27Ro4/sujybeFe2hHJezpPiwFp70rUP1pY8kjPin2VwQ2t1W6gZ46k4GgydTpwqsaqxzjaP2mtdNWBksf3jjw+3J/+nlXCP03H1Yru3tHOj47C6l4DgmQ0D7xrVeU2tCilSFBQOMY51gIWeCFH0CpDU2jjtLDpaTz3/XvLxads0ypbcSbHDS3CEpcbOUknqOVWrNeS28ZucX/rI+Ir1dSsGjnp19l6Hf4gD1LT10ONnbMyTWpVWhVWhXRUCCiZupVCPq0NdFL0oV9ehqxRKnbtFkw8aTyOJprLVnNKHzrRGoQRqDBlcDQeKMVwNCYrQZgELV5xz8Z+NQVFecc/GfjUFIcRjzO7SsUew5jFLEqxRTblVuMzTW2I5Ze040Wh7vpM07pRTb1ZWSEEsjZDvfXdDtKkPV3Q9rxqgpNK2TMpWNqIx/5RX+4UnuzRN0edEhTYcLJWlBUkrSjfykkHnvj2U1mKxtJEPWIr/cKVXQ5mrNctrtXZpgzV85x/6E6CmhLQob4i55Utx6a/4WtZcWHG2EuqTw7TQHTd8pvhnVAzpw1YdLIKnVlx1SmlLWVk5UlpKDn1pzvA5Oe4Vla325Mfd3SwpSN9IQCfL8cqyOG4NMHQ56itY63224q5LzLriXgZKAygIU3hOcEEnGd8gYyc4IGhF/Vuu06l7EG7v35/rtIKlddp2oxx2/r95zM1xtlhpU1xSUoCZAU4te+e0CzjPIjKcHgDjWuMaS4iM64HpDaOxUygtqIQ0spI3iANdSFZyCCOddFOvuMBLj0ZhwAJK0oQScNK18k4y7uH0Z4VzekDtZBYdZSEocRGSpI7MZLRGmM5yheqtPJ5cLQzl97XJnBloVNmwVPjIM2fntrS4WpshLji1EEqVhCS4lSUjJIThIWgkD6541iTKbkMrDVwlsL7EIbIdX4qg2pO8SkjJ3yhWcZO7WVLZJP/AMSypsNgFJZSkqVhzJOAdfNYwrGh76XNjJrLqddfpyAGVv0E1UaGi5SSrL+pjG3hL9+ZUkYSp/eA7s16O6vCyK8+saf/AJ3FH8VXeU7h9Yzzq/0X6kZvzmP1hsOo/KdFOVzLvfQynq5l7vo+EgAvCVO99CvO6VzU930M87pxq1UlL2dpwkrzmlrp1op9ec0Es61sQYgy5szmrgaDotXkmhKsMzCGK845+M/GpUV5xz8Z+NYpxxGPM2FdErxXKjY1rmSme2abTuZwneUBvejNMxAGSZNAzHCjMwhyiEO0IhiQXi0mO6XEnBSEEkUQYc1oZXEeSMZ8g1U235mlC3xC0O13Q9qNedLUuEHB0NdUO6iqysvWyNpxxe4av+WI99KZ4kuXNfZ+bLaEjfPiJUXUhSsZGoQVH1U0uJxMgudWSPfSqYd6Qs1xGu1PtrWYqG78H9J2NNXVqUA47RePnE29JWywJKvGUnGAPoSrdxvfvAE5762wtC22nIrbhU+pC3EZCUoDyQFHxtAWt8+kCtHfKrVvzicDJ5DGay1+pVuwXoL3M0+zdVJ6rTR1pwR1urYjqcCklLScglJUsKSNTrhKDk4HjEacRrIbZDk1LURkGO+EJSVK3nBkqIGpwQhTQ10yVZxxGgcbkssurjFTji0trKHkobJ3EqKgSBg5URu9Ukd1S8L35p0ICVOIGeiXFpB4DiBn9TxJa4+3QvZSvPbEo04N7hEtbjvOryG3Hk+JHUlct1JcVkbrO8OzwE8QUk+Ny4HGKwiM5vFZbjhreIwnygnLoBzvfwNHh/eUtQnJ0pgw3up1oZb6nWVI6S5M3+xdMfxW7QyyjF6YPRVWae7iW4O+q7Zk5ubav40j2mm9zdxPdHfRj0Bc1GA/XHw6yKe765qe76GU731zLvfXTBJzJthKnu+h3He+uSna4rcqYSUtZI4vNcFGtlKzWhq8DEyM2ZhXA0JRZ8k0JSMYQxXnHPxn41isq845+M/GsUhxGPMlWO0SPC7YmMRgx1buccQdR+tVyrDs+oCMBji6onvOBVGoH0ZmzQk9XAloYBS2lOckDjXbFAfOMRmciCuU0Ja0b6WCoBZT1A9R9lHJVvDNCDOhEAuVqYntKJSEvAeK4OPr7qrq7LcWWyssg7upCVAn2VcaWXK6RLc6S44VPbvitJ4+mrqrXH0r3ma+mo/W3aK5pL1rhyk69kSlX/ntpVJVl0nqKOtcgTGn4TmAXiVo6BXSgN5DchIkpO6glKxjny99c167pSLM+DiHPSdQLKcDkQNzia1G4Ad8rHTdFMX5dvdfcfLS1KUSQkjT62Dx70+yuapMMRnGwySlwAp8TG6oJI451OSPVQFaEBzvEL9ViMbTFTzje8Vdo/nGCRjh7aFX2a/JU4pWg8YDhTlNwjJS0HWlKVujtcfWKcBPpG6Dn01s0i3kIAiLddUoq83gEE8gDwxWoKpXswkxaycqYrYZ+saK0SKYmRbhugRlAA5KTnH1c8+gV7aFk9hLcYYhNFCiMOFXoGT8fbWR6QeGBji4s3dSIZs+1vSmlkaFzfz3JGfjUmP9rKcX1UaJaUm329bqdN9PZM9Snmr1mlJXXf8Ao2mNWnGZxHrWqFl2B4nQrrQrrQqrQmjYEAF5uVVoTWKxUsSstJWKlSnkZD5JoSiz5JoSomSWGK845+M/GpUV5xf4z8aFkScK7NB04KP6U44jhSzYEkichnIThRHPOlNdk7u268qI8tIWV77fLe0GR7s+2qY64VpGmd3l0rm3IKVpUglLgwpOORpnr3riaanFLAietXeJYWH2b1cyyw+yQluStWO8Dv5+jjyrtc3LhcrSlezVwiBalA9tkLSocwCAR7qrjXZbcbOJiOLadcbVvKYU7uLBHMHBIPQ4IIJGOhNvTbPk/szjAUpyU8e07AvdoSrGBqEgAer20GKMH2+YcDqV3eJaUvqh21LtwfRvttjtXBokqxrj11RbjcRPnuyc4CjhIPJI4VwuI2nvMY3ORHcMQHeQ0j6o6hPE+mkPbrP1qI6agLk57wVrb2chcYH84/bk9ksLSrCknINNHktXtjtWFBMxI8dP7zv9NU3tl/aNbtTH2HA424UqScgg0+r0Samso8ho9Y+ls3rGTinGXS26kpWORowz21wW4wY82QoKJ4nJzkdDn3CozdoN4bDFzT2Tw8l9PWuEy2yrdhxQD0c+S+3qk+npXn+s9Nv0LHAyD5noGk12n1yjBww8Rh4ZD1CISdw8d4DJ4nGcacR7Kyqe0p5atxxLa2g3lOEqGDnIxp3UqTITjjW7KXprvZRmytXPHAek8qGi69ztH8prOnRe5/nNlrK3NxsFSlHSmsKI1EjqdkK3UHziuBX/AAp/U0It2FZUEuLD8k/VSdBSObdZM53ecXhI8lA4JFdT6T6G2RbcMTnfVPWERTVScmPJlw8Le3iQlCdEJHBI6UMXU9RSPt3PtVC+vmquzFYUYE4tmLEkx12ietTfT1FAQ4NzngqjR3FNgZLhGE+3n6qObsj5IDswA8wlGff/ANqiWUdsx1psbuBM7w61MjrRjNhYKwlyS8cn6uB+lMTsYyU5auLydPrAGq2urHJlo0dp4ERZHWpXeTY5UVag28JATxwN1XszrQ6OHxzxFTDK3Bmd63Q/UJk+SaEos+SaEpGMs7S3eyDmD4ylqA7taXLG8kjPoNE3E/TvZ5Kx/wDtQa1eLjODSE0ooAzFE1xUaSQBlKk+MPXWGE+Fr+gO96OWaU3CYuTLc3FnswcAjnirDsFstNvszwsKW1EYUCFZx2ih+gNRa8LNQ0TEAk/6T0ew7F2xFkQmbGS8+6ApTmSFI7kkaj9aJZ2GtMd9pxrtvo175Ste8Fnvzxpi3Lct6G2JyAlHkodRqk9AeYpgHEfbHtoS1lm4nPMJrVXgDHErG1svaS0RXrjbn4phMpBU0pnLiBwJznB68q8zl7TS7u6HJC2C4dd5DAQT6SOPrr17aaXDbsclmS6R4SgsJQjylqUMAAda8pTYrWl0uN/OSkt8UJQnKRkglXTJB9+DpWvSuqjLCZNXWXOFM1gO+FLDKsdoRkEc6OMFYqQ7cmFJQTAlNKD6gl18geJucMZ6gnh66aUQDhu4gexDWcGKTDcHKjYFwuVuOGXCpB4trGUkd4onA6VMDpTNhxhhkSKWMhypwZuqfbXj2j1l3XOYaeKUH1cvVXGVeJjrXYRWUQ2PsNDGfSedbbo6VN0dKyV6LTVNvRADNlvqWqtTY7kiKDHdUcqySeZrIiOHlTfdHSpgdK27phyYqEJdPbZZGo24/KQHHeIQoZSn1czXFshLqFEZAUDjrrVsgwUTFlalAoRoUjiT39Kzai3aJu0dQckwpLhfjBtlGQU4wOAoRmxrWol15KO5Iz76doaDbYQlOAOAFRKSD5BoR1yPww70gfxQJFjjJwStwkd4rv4IgaJUoeujANK4uuMxxvOOBOeA5n0DnUDY58yQRR4iqTaHi4XGnAo9FaVV7ogN3JaUpwoJHanorkPTirlIcmykFEUeCtni+4PGx/Cnr3n2VXb9FbiR2UNggFxWpOSo44k8ya2aaxi4BmDW1AVEiJDwNCUWfJNCUTaAlnK6kpkHotR9WD//ACkV5neDxeyQcPPDA6pTzP8A5+lWmTHbkOnfz4i1Ywe+glbCNX6auQzNMMAJS4nc397pjXTQd9RY7VyZu0pVnCmVLZ7Z2ZtNc0W+EkpQNX38ZS0nqe/oK+g7fb41rgtRIrYQ00gISO4DFBbPWOBs/bUQoDQSjipZ1Us8yTR0pt59G4y6GxzVjJoXdZ1Gx4h0DAiraS5pisNJQ2lbil4QVcEkDOarAvF0WcCYs6/WANEbSrWh+NEWorcTvLCxwWOHtri0zbTJBVIG6FjeTvYGhwoZxpgYPHXJGmK5j1HrnUFa3wAB5xzDei6IoDMuSc+M8St7QmeqezcHZDzmvibuT2ah0A4ernS12XcU77apEtKlK3lJUtQO8TnJ78nPrqyTwVwla5KSFcO+glWxmZIlvqkhtQcwQojA4anoDpjXkaJ+meqXHSEMASpxk/6wN6r6fWuoV1JG7Jx+mIDaWp7lyafkKdcQAcqW7vcvTVhyeYrlbLWESQGZ0V5XABtzicZoh4/TYzkga1qo9R1FmqWtgAp/KBtTpVSst3yJpUqVK6KCZKlSpSikqVKlKKQjIq72tlm4QWZTqQXFIH0qCUqBGh1GvEVSKtWyUneiPxTxaXvj0H/uPfWPWL/Dz8Qj6c+Ldp8x6iKtAwmU8R/EQfiK6dmvgX1n1D+lYyd0EGgpc8Q0lb74bHLPE+gc6DM4UZM6AKScCHdlzU4tX+rHwrQliPlQCQTxI4mqu/tQ4pe6y0SjqtWCfVyrv4Wpa8Ek1nr1dVpIrOcS99PZXjeOY7U8XjgHdTSHasBLEVKRjxlfAU1iK3k0q2t83E9Kv0ohpDm1YO1oxp2lbPA0JRZ8k0JRszmlhivOOfjPxoiDOcgOlaE76VeUgnGfXQ6iO1c/GfjWMjrSwCMGOGKNuXmOv21YjKKRBmAdcJP613a28tqwe17drT6zR/TNV47p44rXcbP1RVJ01R8TYNfcJtf9qWbg8hMKIp7czl5wbue4ClrN1WCQuAsfhXn9KYbjf2RWd1A5Csmo9I0eoO6xe/zkzRT61q6RtQ9v0i6XdS7GW23GdbWrTeUBgCpbJzUeIpLr6UuOL3nEuIznByNaYFto8UprQsMq4pFVj0fTpT0qsr3znz/aQu9VvusFlnfAxO6blHkDAfjEkEeIoA6kHke72UOp9Kp4abIXuo8cg6DoK5rt8VY1bTXSPGZipw2AM8abT+lCm4WlycSq7WmxCuMTtUqZHUVMjqKMTBJUqZHUVMjqKUUlSpkdRUyOopRSU12ck+D3ltJUAl4Fs568R7x76VZHUVshwtOIdSfGbUFD0g5qFi70Kyyp9jhviekJ4EdKr98s0ibc0PIcSGijCio+Tg8h307S4X4wdYIBdbygnhkjSgWos1p0uSX0uApwrB4nly6VyuoqW0Ct1yJ2VFhQ71ODKjOjpiTlsIJUlGNTz0BpnvBtSlKOAnUnpQV5/wCMP+lPwFdpaXSXClxKWwg5BGpoJpj0Wu2jg/8AMK3jqLXuPI/4j+3uIdaS4g5SrgaX7WebielX6VrYfDQpoqUkxN04Gmc/Gs7Webh+lf6V0nplhsZGIx/aAPVECVOoOf7yuHgaEookbp1oXI610RnKrLmhhg72WG87x+oK6CPH/cNfkFYR9b8Rruz5xPpodk4h3aPicxFjg4Mdr8grcRY/3Zr8grzjZvbIWfZhUXs3J1zXMWiLG1OhwQTzxkq0GpNWeLBvrtuhuXzaAQZXhgdKGghAKToGSdAST6emtTZGXkxwFPiWIRY33Zr+WK2EWN92a/lilb21Vmji4F6UWjblht9KkHO8eASPrZwfZWmzu19r2ledZhB5p5pO8W30gFSeowT3e2q8PjMmAvGI6ESMf8M1/LFaMotr6nEsoiuqZVuOhASShXRWOB7jXCTf7LbpXg826w47w4treAUn0jl66882e2sas7O0947HtnJc1Bjsk43lKLhGe4CkqOwJEf6R4nqIhxPurP8ALFbCHE+6s/yxVLtG0u07O1UC07QMRR85tqcQyynDkcAEgn2HQ559K7zvlHjBCY1otz8u6OSFxxEcG6pJSdScZ06eg8MUxrszgd5IbMdxLeIcT7oz/LFbeBQ/ujH8sVWrDtsia8YN7iG1XESPB0NryUOrxnCTjQ6jTvTrrVjhXGFcUuKgy2ZIaWW3C0sK3FDiDiqmDKe8mFQ+Jt4FE+6MfyxU8CifdGP5YpddXY14scxqBf2oe4d1ybHdSrwcggkE50004jjVftcp6L8q86E9MceZkW9CmyteUkpSnUDhyUdOpp1VmB78REKMdpcDCifdGP5YrXwKJjPgjOP+mKqEr5ToxmPR7NZpl3EfJcda0SAOKhgHTvOKBhX5E/b6yXiMX2ol5iLZUy4rRK0FQ4cOIGvfUxXZye0idngS9mHE+6s/yxWhiRfurP8ALFco97tU6c7BiXGO/KZzvtIWCoY4+nHPFFmoZYcxbV+J0YwlsJSAAjQADQCuroyg0OycOY60TxRWdxhjL14lFvf/ABp8d6f9oo10fSEEZB5UZOeYRJk9tGQtTagAQkFRG6CSfRmljkkhat9JOFKAI5gHH60CrFdNjkt+I/tCrs9qKAOBHNuCUICEgBI4Acq73JtDnY76EqxnG8M44UNblEgZGD06UXcMbrOupz+lGtN+IYgvUfhOYuMdjd8w3+QUH4Ox+5b/ACimB8k0HRFiYPCj4hiPrfiNdm9FprijgfxGuqTgg03iPPLdlrzZtm73NcuUV5T3brbZkoTvJZAJBGOp6jJxT/bq4wrxsc1cbXKbkoizW1lSeKDgjUHUakcascLZ61wo8qOiKl5qW8X3UP4WCo9AeFbp2csiYT8JFsYRGkkF5tA3QsjUZx0q5rVLBsHMQU4xKIu3M7U/Kg6jGYh3JD45FIQk4PpJA9Zo3bKQ7Ydt49ytyQ069bXAQgcwlYBx3YSf9NXeJabfBmSZkWKlp+UEh1QJ1CRgADgB6K2kWmBMuMa4SIwckxUqSysk+KFDBGOB0J4im6w3DI7AYktnaedwxsnbdhhOlIi3O8zEqPZuK33O1JIGnFIHHPP1iqs2w+zaJbhStK4stoOAjCkHCxr0IIr2SDsjs9brgZ8S0styM7wUSpQQeqUkkJ9QFYj7I2lqRdnXG1yEXdYXIZdIKQQSfFxqNSTnlUl1IXPMRrJiWxxbHZFjae5bR/O0yQgIadVqrCtAlKASSrl3a8NaE2Xt7bfyt3wqQCWEuPIJHklaknPsUfbVgtOwWzlnnpmxoalvoOW1POFfZnqBwz3nWrA3FjNyHZLcdpD7wAddSgBS8cMnicVQ1oGcd8jEsC8ZlG+WAJFktzpH0iZRCSOIG6c/AVUzBvFhuytmbY6pDt4jsJd01SVDKuHADxxnpn016ptFszD2mZitTHXW0xnw8OzI8bqDnkaNVZreu9IvKoqfD0Ndil7J0T0xnHM64zTpeEQLjPP/AMiNe5szyudZ2tnbltBYIy1qjuWcOkKPlqRuqKvcr21o0667ddmXmlYdkWZcZBHNQS62ke3FejyNlI0ras3555SwqKYy4ykgpWCCCSemDjFAXfYpMi5bOv2nsIkezu5W2okko3goBPHJyDx+1Uxep5+P9v7RjWfEV/JbdrUxs8q3KkMxpyHlKdbcIQpeeB144GndigflMkiT8yXGzSA4pt96OhyOf7zKcBJHPINW277CbN3qUqVLt+68s5W4ystlfpA0J7+NM4lrgQIMeFGiNIjxsFpBTncI+trz468dar6qizqDn4ktp27TPPb/ALEjZfZ2DebQVC52spckupJ+lzjeOOgPL7JOc1f7fORdLXFuDSSlEplLoSeKcjOKMPormQAkAAAAaAcqg1hcDdEFA4mpODkcaKZdS6jeSQeo6GgXG98cSKBciy23e2iSezcHHIyFekVA1hvMkG2wuTAYCnVLR2qnF75LgBxpjA7sUoltNpV5CRr0op6ddwMLjMu96VYpe8q6P6phstnqtRV/Ssx0RPAEu9yByTDI8pqK0p51RCEjOnE+ikUzaRyTJU8rKQdEIB8lPIVvJtV0mH6eRkcQhI3UjpoP1oJzZqZx3gaI6ehK+5OTMltpfsOJ2RfVkeWa5fPS/t1w+YpyOKdK4fNMv7BrQVSVAyw/Pb6VrSGWsBR69a2F+kfuGvfSxXnHPxn41AMkCrRUmOIHN9ueY0F/kfuGvfWf2hk/uGffVJVeJaWZD6lEKcQssJBBS2ErCSSMZzrnJOK6qkyhNNv8PWEB1Y8KwneIDYVu8McT0qXRT4l2+/7pcv2jkj/Ds++s/tJK+7s++qj88PNwIrhYQt1cQyHN9W6CE4zjAOpzTVCt9tK+G8kHHSo9FPiVtfevLR1+00r7uz76yNp5Y/w7Hv8A60lqU3Qr+I3urvujsbUy/u7Hv/rWf2rlj/DMe/8ArSOpS6FfxF7q77o9G1kz7sx7/wCtZ/a2b92Y9/8AWkNSm9vV8R/d3/dH37XTfu0f3/1qftbM+7Me/wDrSGpS9vV8Re7v+6Pf2tmfdmPf/Wp+1cv7ux7/AOtIqlP0KviL3V/3R4dqpZ/w7Hv/AK1r+1Ev7ux7/wCtJalLoV/Eb3V33Rz+00o/4dn31qdpJR/uGffSipT9Gv4i9zd90bftDJP9w1761N+kH+5a99K6lP0k+I3uLfujL58kfuWvfU+fH/3LXvpbUpdJPiN7i35jJV8kYP0LXvoP56f/AHLfvrifJNCUxrT4klvs+YYrzjn4z8alcHHlh1zh5Z+Na9uvuqYPaUkHM6JixkuOOJjtBbww4oJGVjv61p4BCMcRjEZLIO8G9wboPXFY7dfdU7dfdT5i7zSfbWrg2ht1W6hIxuhCTp3EjKfVRYASABoAMCh+3X3VO3X3UsxdyMQmpQ3br7qnbr7qWY22E1KG7dfdU7dfdSzFthNShu3X3VO3X3UsxbYTUobt191Tt191LMW2E1KG7dfdU7dfdSzFthNShu3X3VO3X3UsxbYTUobt191Tt191LMW2E1KG7dfdU7dfdSzFthNShu3X3VO3X3UsxbYQeBoSty+vB4UP2iqiTJAT/9k=







" data-old-hires="http://ecx.images-amazon.com/images/I/71N6tuY0mHL._SL1225_.jpg"  class="a-dynamic-image  a-stretch-vertical" id="landingImage" data-a-dynamic-image="{&quot;http://ecx.images-amazon.com/images/I/71N6tuY0mHL._SY606_.jpg&quot;:[606,406],&quot;http://ecx.images-amazon.com/images/I/71N6tuY0mHL._SY445_.jpg&quot;:[445,298],&quot;http://ecx.images-amazon.com/images/I/71N6tuY0mHL._SY500_.jpg&quot;:[500,335],&quot;http://ecx.images-amazon.com/images/I/71N6tuY0mHL._SY679_.jpg&quot;:[679,455],&quot;http://ecx.images-amazon.com/images/I/71N6tuY0mHL._SY550_.jpg&quot;:[550,368]}" style="max-width:454px;max-height:679px;">
                          
                        </div>
                    </span>
                </span></li>
            
        
    
        
    

    <li class="mainImageTemplate template"><span class="a-list-item">
        <span class="a-declarative" data-action="main-image-click" data-main-image-click="{}">
            <div class="imgTagWrapper">
                <span class="placeHolder"></span>
            </div>
        </span>
    </span></li>
    
    <li class="swatchHoverExp a-hidden maintain-height"><span class="a-list-item">
        <span class="a-declarative" data-action="main-image-click" data-main-image-click="{}">
            <div class="imgTagWrapper">
                <span class="placeHolder"></span>
            </div>
        </span>
    </span></li>
    
    <li class="itemUnavailable unavailableExp a-hidden"><span class="a-list-item">
        <span class="a-size-medium a-color-state a-text-bold">
            Der Artikel ist in folgender Variante leider nicht verfügbar
        </span>
    </span></li>
    
    <li class="imageUnavailable unavailableExp a-hidden"><span class="a-list-item">
        <span class="a-size-medium a-color-state a-text-bold">
            Keine Abbildung vorhanden
        </span>
    </span></li>

    <li id="noFlashContent" class="noFlash a-hidden"><span class="a-list-item">
        
        <a class="a-link-normal" target="_blank" href="https://get.adobe.com/flashplayer">
            
            <span class="swSprite s_extLink"></span>
        </a>
    </span></li>
</ul>

                </div>
            </div>

            
                <div id="image-canvas-caption" class="a-row">
                    <div class="a-column a-span12 a-text-center">
                        <span id="canvasCaption" class="a-color-secondary"></span>
                    </div>
                </div>
            
            &nbsp;&nbsp;&nbsp;&nbsp;
            
            
                
                
                    <div class="collections-collect-button"></div>
                
            

            
        </div>

    </div></div>
</div>



<script type="text/javascript">

maintainHeight = function(){
    var mainHolder = document.getElementById("main-image-container");
    var imgTagWrapperId = document.getElementById("imgTagWrapperId");
    if(mainHolder && typeof mainHolder != 'undefined'){
        var ratio = 0.77;
        var shouldAutoPlay = false;
        var naturalMainImageSize = false;
        var videoSizes = [[297, 445], [334, 500], [368, 550], [405, 606], [454, 679]];
        
        
        var width = mainHolder.offsetWidth;
        var containerHeight = width/ratio;
        containerHeight = Math.min(containerHeight, 700);

        var landingImage = document.getElementById("landingImage");
        var imageHeight = Math.min(containerHeight, 679);
        var imageWidth = Math.min(width, 454);

        

        if(typeof mainImgMaxHeight !== 'undefined' && mainImgMaxHeight){ 
            containerHeight = Math.min(mainImgMaxHeight, containerHeight);
        }

        mainHolder.style.height = containerHeight + "px";
        if(imgTagWrapperId && typeof imgTagWrapperId !== 'undefined' ){
            imgTagWrapperId.style.height = containerHeight + "px";
        }
        if(landingImage && !naturalMainImageSize) {
            landingImage.style.maxHeight = imageHeight + "px";
            landingImage.style.maxWidth  = imageWidth + "px";
        }

        if(shouldAutoPlay){
            if(landingImage){
                var autoPlayWidth=0, autoPlayHeight=0;
                for(var i=0; i < videoSizes.length; i++){
                    if( autoPlayWidth < videoSizes[i][0] ){
                        autoPlayWidth = videoSizes[i][0];
                        autoPlayHeight = videoSizes[i][1];
                    }
                }
                if( autoPlayWidth > 0 && autoPlayHeight > 0 ){
                    var videoRatio = autoPlayWidth/autoPlayHeight;
                    // increasing height of the slate image by 1px (and width with the ratio) so that black lines doesn't appear on ipad on right side.
                    var isIpad = navigator.userAgent.match(/ipad/i);
                    if( isIpad ){
                        containerHeight = containerHeight + 1;
                    }
                    landingImage.style.width = containerHeight * videoRatio + "px";
                    landingImage.style.height = containerHeight + "px";
                }

            }
        }
    }
};
maintainHeight();

window.onresize = function(){
    maintainHeight();
};



P.when('A').register("ImageBlockATF", function(A){
    var data = {
                'colorImages': { 'initial': [{"hiRes":"http://ecx.images-amazon.com/images/I/71N6tuY0mHL._SL1225_.jpg","thumb":"http://ecx.images-amazon.com/images/I/51Lfv-i-z6L._SX38_SY50_CR,0,0,38,50_.jpg","large":"http://ecx.images-amazon.com/images/I/51Lfv-i-z6L.jpg","main":{"http://ecx.images-amazon.com/images/I/71N6tuY0mHL._SY445_.jpg":[445,298],"http://ecx.images-amazon.com/images/I/71N6tuY0mHL._SY500_.jpg":[500,335],"http://ecx.images-amazon.com/images/I/71N6tuY0mHL._SY550_.jpg":[550,368],"http://ecx.images-amazon.com/images/I/71N6tuY0mHL._SY606_.jpg":[606,406],"http://ecx.images-amazon.com/images/I/71N6tuY0mHL._SY679_.jpg":[679,455]},"variant":"MAIN"},{"hiRes":"http://ecx.images-amazon.com/images/I/71r49Ps053L._SL1500_.jpg","thumb":"http://ecx.images-amazon.com/images/I/51chE6cO8LL._SX38_SY50_CR,0,0,38,50_.jpg","large":"http://ecx.images-amazon.com/images/I/51chE6cO8LL.jpg","main":{"http://ecx.images-amazon.com/images/I/71r49Ps053L._SY445_.jpg":[445,240],"http://ecx.images-amazon.com/images/I/71r49Ps053L._SY500_.jpg":[500,270],"http://ecx.images-amazon.com/images/I/71r49Ps053L._SY550_.jpg":[550,297],"http://ecx.images-amazon.com/images/I/71r49Ps053L._SY606_.jpg":[606,327],"http://ecx.images-amazon.com/images/I/71r49Ps053L._SY679_.jpg":[679,367]},"variant":"PT01"}]},
                'colorToAsin': {'initial': {}},
                'heroImage': {'initial': []},
                'heroVideo': {'initial': []},
                'holderRatio': 0.77,
                'holderMaxHeight': 700,
                'useStretchyImageFix': true,
                'isAltImageAutoCycleEnabled': false,
                'altImageAutoCycleInterval': 0,
                'isEnhancedImageBlockSize' : false,
                'preloadingMainBlockForSoftlines' : false
                };
    A.trigger('P.AboveTheFold'); // trigger ATF event.
    return data;
});
</script>

	                
                
            
        
        
        
        
        
        
    
    
    

    






    










    </div>





        
        
    
</div>
<div id="centerCol" class="centerColAlign">        
    
        
        
        
        









    <div id="machineTranslation_feature_div" class="feature" data-feature-name="machineTranslation">




    

    
    
    
        
            
                
	                
	                
	                	






















<style type="text/css">
    #machine-translation-widget .a-icon-alert {
        margin-top: 10px;
    }
</style>












	                
                
            
        
        
        
        
        
        
    
    
    

    















    </div>





        
        
    
        
        
        
        









    <div id="title_feature_div" class="feature" data-feature-name="title">




    

    
    
    
        
            
                
	                
	                
	                	

    


	



<div id="titleSection" class="a-section a-spacing-none">
    <h1 id="title" class="a-size-large a-spacing-none">
      <span id="productTitle" class="a-size-large">
          
              
              
               
                  Aptamil Kindermilch 1+ ab 1 Jahr, 4er Pack (4 x 600 g)
              
          
      </span>
      
      
      
      
      
      
      
    </h1>
    <div id="expandTitleToggle" class="a-section a-spacing-none expand aok-hidden"></div>
    
</div>


<style>
#energyEfficiencyTitleInformation { font-size: 19px !important;}
</style>

	

	                
                
            
        
        
        
        
        
        
    
    
    

    















    </div>





        
        
    
        
        
        
        









    <div id="qpeTitleTag_feature_div" class="feature" data-feature-name="qpeTitleTag">




    

    
    
    
        
        
        
        
        
        
    
    
    

    















    </div>





        
        
    
        
        
        
        









    <div id="brandByline_feature_div" class="feature" data-feature-name="brandByline">




    

    
    
    
        
            
                
	                
	                
	                	 




    <div class="a-section a-spacing-none">
    <!-- Fix for tt- 0059914573 (Not a good practice. Added to accommodate for Pantry brandbyline viewdapter) -->
    
    
    
    
        
            von
        
        
    
    
        
        
            
                
                
                    
                         
                           <a id="brand" class="a-link-normal" href="/Aptamil/b/ref=bl_dp_s_web_1686253031?ie=UTF8&amp;node=1686253031&amp;field-lbr_brands_browse-bin=Aptamil">Aptamil</a>
                        
                     
                
            
        
    
    </div>


	                
                
            
        
        
        
        
        
        
    
    
    

    















    </div>





        
        
    
        
        
        
        









    <div id="averageCustomerReviews_feature_div" class="feature" data-feature-name="averageCustomerReviews">




    

    
    
    
        
            
                
	                
	                
	                	




<style type="text/css">
    /* 
    * Fix for UDP-1061. Average customer reviews has a small extra line on hover 
    * https://omni-grok.amazon.com/xref/src/appgroup/websiteTemplates/retail/SoftlinesDetailPageAssets/udp-intl-lock/src/legacy.css?indexName=WebsiteTemplates#40
    */
    .noUnderline a:hover { 
        text-decoration: none; 
    }
</style>



    
    
    
    
        

        
        
        

        
        
        
        
		
		
		
		
		        
		
		
		
		
		
		
		
		        
        

        <div id="averageCustomerReviews" class="a-spacing-none" data-asin="B00BSNACII" data-ref="dpx_acr_pop_" >
            
            
                
                
                
                    











    



        
            
            
                <span class="a-declarative" data-action="acrStarsLink-click-metrics" data-acrStarsLink-click-metrics="{}">
                    





    <span id="acrPopover" class="reviewCountTextLinkedHistogram noUnderline" title="4.5 von 5 Sternen">
        <span class="a-declarative" data-action="a-popover" data-a-popover="{&quot;max-width&quot;:&quot;700&quot;,&quot;closeButton&quot;:&quot;false&quot;,&quot;position&quot;:&quot;triggerBottom&quot;,&quot;url&quot;:&quot;/gp/customer-reviews/widgets/average-customer-review/popover/ref=dpx_acr_pop_?contextId=dpx&amp;asin=B00BSNACII&quot;}">
            <a href="javascript:void(0)" class="a-popover-trigger a-declarative">
                <a id="reviewStarsLinkedCustomerReviews" class="a-link-normal" href="#customerReviews">
                   

<i class="a-icon a-icon-star a-star-4-5"><span class="a-icon-alt">4.5 von 5 Sternen</span></i>
                
                </a>
            <i class="a-icon a-icon-popover"></i></a>
        </span>
        <span class="a-letter-space"></span>
    </span>


                </span>
                <span class="a-letter-space"></span>
            
        
        
        

        

        

        
        
        
        
        
        
        
            
            
                <span class="a-declarative" data-action="acrLink-click-metrics" data-acrLink-click-metrics="{}">
                    <a id="acrCustomerReviewLink" class="a-link-normal" href="#customerReviews">
                        <span id="acrCustomerReviewText" class="a-size-base">31 Kundenrezensionen</span>
                    </a>
                </span>
            
                <script type="text/javascript">
                    P.when('A', 'ready').execute(function(A) {
                        A.declarative('acrLink-click-metrics', 'click', { "allowLinkDefault" : true }, function(event){
                            if(window.ue) {
                                ue.count("acrLinkClickCount", (ue.count("acrLinkClickCount") || 0) + 1);
                            }
                        });
                    });
                </script>
            
            
            
            
        
        
        
            <script type="text/javascript">
                P.when('A', 'cf').execute(function(A) {
                    A.declarative('acrStarsLink-click-metrics', 'click', { "allowLinkDefault" : true },  function(event){
                        if(window.ue) {
                            ue.count("acrStarsLinkWithPopoverClickCount", (ue.count("acrStarsLinkWithPopoverClickCount") || 0) + 1);
                        }
                    });
                });
            </script>
        


                
            
        </div>
    


	                
                
            
        
        
        
        
        
        
    
    
    

    















    </div>





        
        
    
        
        
        
        









    <div id="ask_feature_div" class="feature" data-feature-name="ask">




    

    
    
    
        
            
                
	                
	                
	                	



<style type="text/css">
  #averageCustomerReviews, #averageCustomerReviews_feature_div, #ask_feature_div  {
     display: inline-block;
     *display: inline;
  }
</style>



  
    <span class="askPipe"> | </span>
  
  <span>
    <a class="a-link-normal askATFLink" href="/forum?asin=B00BSNACII">
      <span class="a-size-base">
        17 beantwortete Fragen
      </span>
    </a>
  </span>

  <style type="text/css">
    .askPipe {
        color: #666666;
        padding: 0 5px 0 5px;
    }
  </style>




	                
                
            
        
        
        
        
        
        
    
    
    

    















    </div>





        
        
    
        
        
        
        









    <div id="zeitgeistBadge_feature_div" class="feature" data-feature-name="zeitgeistBadge">




    

    
    
    
        
            
                
	                
	                
	                	














    
    
        <style type="text/css">
        .badge-wrapper{margin:5px 0 10px}
        .badge-wrapper .p13n-best-seller-badge{margin-right:4px;background-color:#E47911!important;font-size:12px;padding-top:2px;padding-bottom:2px;line-height:14px;font-weight:400}
        .badge-wrapper a.badge-link:hover{text-decoration:none}
        .badge-wrapper span.cat-name{color:#888;display:inline;margin-left:5px}
        .badge-wrapper .p13n-best-seller-badge:before{border-bottom-color:#E47911!important}
        .badge-wrapper .p13n-best-seller-badge:after{border-top-color:#E47911!important}
        .badge-wrapper .cat-link{color:#0066C0;font-size:12px}
        .badge-wrapper a:hover .cat-link{color:#E47911;text-decoration:underline}
        .badge-wrapper .rank-number{font-weight:700}
        </style>

        <div class="badge-wrapper">
        <a class="badge-link" href="/gp/bestsellers/grocery/ref=zg_b_bs_grocery_1" title="Lebensmittel & Getränke">
        <i class="a-icon a-icon-addon p13n-best-seller-badge">Bestseller Nr. <span class='rank-number'>1</span></i><span class="cat-name">in <span class='cat-link'>Lebensmittel & Getränke</span></span>
        </a>
        </div>
    



	                
                
            
        
        
        
        
        
        
    
    
    

    















    </div>





        
        
    
        
        
        
        












    

    
    
    
        
        
        
        
        
        	
        		
        		
					<hr/>
        		
        	
        
        
    
    
    

    



















        
        
    
        
        
        
        









    <div id="price_feature_div" class="feature" data-feature-name="price">




    

    
    
    
        
            
                
	                
	                
	                	









	
	
	
	
	
	
    
	
	    
	    
	    
	        









    
    
        <div id="price" class="a-section a-spacing-small">
        
        <table class="a-lineitem">
            
                
        		
        		
        			
        			
        				



        			
        			
        			
        				
        				
        				
        				
        				
        					
        					
        					
                            
                            
                            
                            
        					
        					
        				    
        				    
        				    
        
        				     
                            
        				        
        		                
        
        				        
        		                
        
                                
        
                                
                                    
                                    
                                

                                
                                
        
                                







<tr id="priceblock_ourprice_row">
    <td id="priceblock_ourprice_lbl" class="a-color-secondary a-size-base a-text-right a-nowrap">Preis:</td>
    <td class="a-span12">
        <span id="priceblock_ourprice" class="a-size-medium a-color-price">EUR 39,80</span>

        
         
            



<span class="a-size-small a-color-price"> (EUR 16,58 /  kg)</span>

        
        








        






        
        






        <span id="ourprice_shippingmessage">	
        	





























    <span class="a-size-base a-color-base">

<!-- TemplateId:Free_shipping_qualify_inline_display_template -->
<b>Kostenlose Lieferung.</b>  <a href='/gp/help/customer/display.html/ref=mk_sss_dp_1?ie=UTF8&pop-up=1&nodeId=504950' target='AmazonHelp' onclick="return amz_js_PopWin(this.href,'AmazonHelp','width=550,height=550,resizable=1,scrollbars=1,toolbar=0,status=0');">Details</a>
</span>




        </span>
        
        
        
        
    </td>
</tr>

        				    
        
                            
                            
        				    
        				    
        				    
        				    
                            
                            
        		
        					
        					

                            
                            





        		            
        					
        						
        						
									
										
										
									

        							
        							
        						
        					
        				
        			
        
        			
        			



    


    



	
		
	    
		    <tr id="vatMessage">
		        <td></td>
		        <td>
		            <span class="a-size-base">Alle Preisangaben inkl. MwSt.</span>
		        </td>
		    </tr>
		
	
   



        
        			
        			
        
        			
                    
                        
                            






                        
                    
        
        			
        			
        			
        			  
        			  
        			
        
        			
        			




        
        			
        			
        
        		
        	
        	
        	
        
            
            
            
            
            
        </table>
        </div>
    


	    
		
	
	
	
	

	                
                
            
        
        
        
        
        
        
    
    
    

    















    </div>





        
        
    
        
        
        
        









    <div id="pmpux_feature_div" class="feature" data-feature-name="pmpux">




    

    
    
    
        
            
                
	                
	                
	                	



	                
                
            
        
        
        
        
        
        
    
    
    

    















    </div>





        
        
    
        
        
        
        






        
        
    
        
        
        
        






        
        
    
        
        
        
        






        
        
    
        
        
        
        









    <div id="primenote_feature_div" class="feature" data-feature-name="primenote">




    

    
    
    
        
            
                
	                
	                
	                	






    

	                
                
            
        
        
        
        
        
        
    
    
    

    















    </div>





        
        
    
        
        
        
        






        
        
    
        
        
        
        









    <div id="availability_feature_div" class="feature" data-feature-name="availability">




    

    
    
    
        
            
                
	                
	                
	                	
















<div id="availability" class="a-section a-spacing-none">
    
    
    <span class="a-size-medium a-color-success">
        
            
            Auf Lager.
        
        
    </span>
    
    
    
</div>







  <div class="a-section a-spacing-none">
    
 </div>




    
        
    
    




	                
                
            
        
        
        
        
        
        
    
    
    

    















    </div>





        
        
    
        
        
        
        









    <div id="dynamicDeliveryMessage_feature_div" class="feature" data-feature-name="dynamicDeliveryMessage">




    

    
    
    
        
            
                
	                
	                
	                	



    
    
        
        
        
        
        
            
                
                    



    <div id="dynamicDeliveryMessage" class="a-section a-spacing-mini a-spacing-top-mini">
        
            
            <div id="ddmDeliveryMessage" class="a-section a-spacing-mini">
                
                    
                        <span class="a-text-bold">Lieferung Mittwoch, 25. Mai:</span> Bestellen Sie innerhalb <span id="ddmFastestCountdown" class="a-color-success">9 Stunden und 46 Minuten</span> per <span class="a-text-bold">Premiumversand</span> an der Kasse. <a href='/gp/help/customer/display.html/ref=ddm_ft_dp?ie=UTF8&nodeId=200281140&pop-up=1#' target='AmazonHelp' onclick="return amz_js_PopWin('/gp/help/customer/display.html/ref=ddm_ft_dp?ie=UTF8&nodeId=200281140&pop-up=1#','AmazonHelp','width=550,height=600,resizable=1,scrollbars=1,toolbar=1,status=1');">Siehe Details.</a>
                    
                    
                
            </div>
            
            
            
            
            
            
            
            
                <script type="text/javascript">
P.when("A","jQuery","cf").execute(function(A,$){
    window.registeredDDMCountdown || P.register("DDMCountdownComponent",function() {
        var countdonwHandler;
        return {
            init: function(ddmContext) {
                countdonwHandler || (countdonwHandler = new CountdownHandler(ddmContext));
            },
            start: function(fastSecondsLeftToOrder,cheapSecondsLeftToOrder) {
                countdonwHandler.start(fastSecondsLeftToOrder,cheapSecondsLeftToOrder);
            },
            stop: function() {
                countdonwHandler.stop();
            }
        };
    });
    window.registeredDDMCountdown = true;
    
    function CountdownHandler(ddmContext) {
        var strings = ddmContext.strings;
        var asin = ddmContext.asin;
        var shippingMessageSectionId = ddmContext.shippingMessageSectionId;
        var fastCountdownElementId = ddmContext.fastCountdownElementId;
        var cheapCountdownElementId = ddmContext.cheapCountdownElementId;
        var showAndInCountDown = ddmContext.showAndInCountDown;

        var fastCountdownTimer = null;
        var cheapCountdownTimer = null;

        this.start = function(fastSecondsLeftToOrder,cheapSecondsLeftToOrder) {
            this.stop();
            if (fastCountdownElementId && fastSecondsLeftToOrder > 0) {
                fastCountdownTimer = new CountdownTimer(strings,asin,shippingMessageSectionId,
                        fastCountdownElementId,fastSecondsLeftToOrder,showAndInCountDown);
                fastCountdownTimer.start();
            }
            if (cheapCountdownElementId && cheapSecondsLeftToOrder > 0) {
                cheapCountdownTimer = new CountdownTimer(strings,asin,shippingMessageSectionId,
                        cheapCountdownElementId,cheapSecondsLeftToOrder,showAndInCountDown);
                cheapCountdownTimer.start();
            }
        };
        this.stop = function() {
            if (fastCountdownTimer) {
                fastCountdownTimer.stop();
                fastCountdownTimer = null;
            }
            if (cheapCountdownTimer) {
                cheapCountdownTimer.stop();
                cheapCountdownTimer = null;
            }
        };
    };

    function CountdownTimer(strings, asin, shippingMessageSectionId, countdownElementId, secondsLeft,showAndInCountDown) {
        this.secondsLeft = secondsLeft;
        this.intervalHandle = null;

        this.start = function() {
            var thisObj = this;
            this.intervalHandle = A.interval(function(){
                if (thisObj) {
                    thisObj.updateCountdownText();
                }
            }, 1000);
        };

        this.stop = function() {
            if (this.intervalHandle) {
                window.clearInterval(this.intervalHandle);
            }
        };

        this.updateCountdownText = function() {
            this.secondsLeft --;
            if (this.secondsLeft > 0) {
                var remainMins = Math.floor(this.secondsLeft / 60);
                var minutes = remainMins % 60;
                var hours = Math.floor(remainMins / 60);
                var seconds = this.secondsLeft % 60;
                var hourString   = (hours > 1) ? strings.hours : strings.hour;
                var minuteString = (minutes > 1) ? strings.minutes : strings.minute;
                var secondString = (seconds > 1) ? strings.seconds : strings.second;
                var seperatorString = strings.timeSeperator;
                var andString = strings.and;

                var countdownText;
                if (hours > 0 && minutes > 0) {
                    if (showAndInCountDown) {
                        countdownText = hours + seperatorString + hourString + seperatorString + andString + seperatorString + minutes + seperatorString + minuteString;
                    } else {
                        countdownText = hours + seperatorString + hourString + seperatorString + minutes + seperatorString + minuteString;
                    }
                } else if ( hours > 0 && minutes == 0 ) {
                    countdownText = hours + seperatorString + hourString;
                } else if ( hours == 0 && minutes > 0 ) {
                    countdownText = minutes + seperatorString + minuteString;
                } else {
                    countdownText = seconds + seperatorString + secondString;
                }
                $(countdownElementId).html(countdownText);
            } else {
                this.stop();
                var refreshText = "<a href='/gp/product/"+asin+"'>"+strings.refreshTimeout+"</a>";
                $(shippingMessageSectionId).html(refreshText);
            }
        };
    };
});
</script>

            
            
            <script type="text/javascript">
                var context = {
                    strings: {
                        hour: "Stunde",
                        hours: "Stunden",
                        minute: "Minute",
                        minutes: "Minuten",
                        second: "Sekunde",
                        seconds: "Sekunden",
                        refreshTimeout: "Klicken Sie hier, um das neue voraussichtliche Lieferdatum zu sehen.",
                        timeSeperator: " ",
                        and: "und",
                        serverBusy: "Der Server ist leider gerade nicht verfügbar. Bitte versuchen Sie es später noch einmal."
                    },
                    fastCountdownElementId: "#ddmFastestCountdown",
                    cheapCountdownElementId: null,
                    shippingMessageSectionId: "#ddmDeliveryMessage",
                    asin: "B00BSNACII",showAndInCountDown: true
                };
                P.when("A", "jQuery").execute(function (A, $) {
                    var showVhvFeature = function() {
                        $("#veryHighValueMessage").removeClass("a-hidden");
                    };
                    var hideVhvFeature = function() {
                        $("#veryHighValueMessage").addClass("a-hidden"); 
                    };
                    P.when("DDMCountdownComponent").execute(function (countDownComp) {
                        countDownComp.init(context);
                        countDownComp.start(35212, 0);
                    });
                    
                    if (true) {
                        showVhvFeature();
                    } else {
                        hideVhvFeature();
                    }
                });
            </script>
        
    </div>

                
                
            
        
    


	                
                
            
        
        
        
        
        
        
    
    
    

    















    </div>





        
        
    
        
        
        
        









    <div id="shipsFromSoldBy_feature_div" class="feature" data-feature-name="shipsFromSoldBy">




    

    
    
    
        
            
                
	                
	                
	                	











<div id="merchant-info" class="a-section a-spacing-mini">
    
    

    
        
        
    

    
    
    
    
    
        Verkauf und Versand durch Amazon.
    
    

        
        
        
        
        
        
        Geschenkverpackung verfügbar.
        
        



</div>






	                
                
            
        
        
        
        
        
        
    
    
    

    















    </div>





        
        
    
        
        
        
        









    <div id="smileEligibility_feature_div" class="feature" data-feature-name="smileEligibility">




    

    
    
    
        
            
                
	                
	                
	                	





	                
                
            
        
        
        
        
        
        
    
    
    

    















    </div>





        
        
    
        
        
        
        






        
        
    
        
        
        
        









    <div id="holidayAvailabilityMessage_feature_div" class="feature" data-feature-name="holidayAvailabilityMessage">




    

    
    
    
        
            
                
	                
	                
	                	




	                
                
            
        
        
        
        
        
        
    
    
    

    















    </div>





        
        
    
        
        
        
        






        
        
    
        
        
        
        









    <div id="olp_feature_div" class="feature" data-feature-name="olp">




    

    
    
    
        
            
                
	                
	                
	                	











    



    <div class="a-section a-spacing-small a-spacing-top-small">
        
            <span class="olp-padding-right"><a href="/gp/offer-listing/B00BSNACII/ref=dp_olp_new?ie=UTF8&amp;condition=new">10&nbsp;neu</a>&nbsp;ab&nbsp;<span class='a-color-price'>EUR 39,80</span></span>
        

        

        
        
        
        
    </div>


	                
                
            
        
        
        
        
        
        
    
    
    

    















    </div>





        
        
    
        
        
        
        









    <div id="twister_feature_div" class="feature" data-feature-name="twister">




    

    
    
    
        
            
                
	                
	                
	                	






    
    
    
    
    
    
    
    
    
    
    
    	
    
    
    
      
    
   
   
    <div id="twisterContainer" class="addTwisterMargin" style="max-width:none">
        
            





        
        <form id="twister" action="/gp/product/handle-buy-box/ref=dp_start-bbf_1_glance" method="post" class="a-section a-spacing-small   " >
            



<span id="twisterNonJsData">
    <input type="hidden" name="ASIN" value="B013USRV1E">
    <input type="hidden" name="twisterDimKeys" value="size_name">
    <input type="hidden" name="noOfDims" value="1">
    <input type="hidden" name="" id="dummySubmitButton">
</span>
            
            
                
                
                    
                        


<div id="variation_size_name" class="a-section a-spacing-small">
    <div class="a-row a-spacing-micro singleton">
        <label>
            Größe:
        </label>
        
            <span class="selection">4 x 600g</span>
        

                    
    </div>
</div>

                    
                    
                    
                    
                    
                    
                    
                
            
        </form>
        
    </div>

    
    


	                
                
            
        
        
        
        
        
        
    
    
    

    






    










    </div>





        
        
    
        
        
        
        






        
        
    
        
        
        
        






        
        
    
        
        
        
        






        
        
    
        
        
        
        






        
        
    
        
        
        
        









    <div id="clickToContact_feature_div" class="feature" data-feature-name="clickToContact">




    

    
    
    
        
        
        
            
                
                    



                
                
            
        
        
        
        
    
    
    

    















    </div>





        
        
    
        
        
        
        









    <div id="featurebullets_feature_div" class="feature" data-feature-name="featurebullets">




    

    
    
    
        
            
                
	                
	                
	                	


<div id="feature-bullets" class="a-section a-spacing-medium a-spacing-top-small">
	
		
			
                               <ul class="a-vertical a-spacing-none">
					
					
						<li><span class="a-list-item"> Für eine gesunde Zukunft Ihres Kindes</span></li>
					
						<li><span class="a-list-item"> Aptamil Kindermilch 1+ eignet sich für Kleinkinder ab 1 Jahr als Milchgetränk zum Frühstück, Abendessen oder für zwischendurch</span></li>
					
						<li><span class="a-list-item"> Rezeptur entspricht den neuesten Empfehlungen zur Zusammensetzung</span></li>
					
						<li><span class="a-list-item"> mit Vitamin A, C & D - trägt auf natürliche Weise zu einem gesunden Immunsystem bei</span></li>
					
						<li><span class="a-list-item"> mit Vitamin D und Calcium - für das normale Wachstum und die Entwicklung der Knochen und mit altersgerecht reduziertem Eiweißgehalt</span></li>
					
				</ul>
			
			
		

		

		
			
			<div class="a-section">
			    <span class="caretnext">&#155;</span>
			    <a id="seeMoreDetailsLink" class="a-link-normal" href="#productDetails">Weitere Produktdetails</a>
			</div>
		

	
</div>

	                
                
            
        
        
        
        
        
        
    
    
    

    















    </div>





        
        
    
        
        
        
        









    <div id="addOnItem_feature_div" class="feature" data-feature-name="addOnItem">




    

    
    
    
        
            
                
	                
	                
	                	




	                
                
            
        
        
        
        
        
        
    
    
    

    















    </div>





        
        
    
        
        
        
        









    <div id="snsPromo_feature_div" class="feature" data-feature-name="snsPromo">




    

    
    
    
        
            
                
	                
	                
	                	





	                
                
            
        
        
        
        
        
        
    
    
    

    















    </div>





        
        
    
        
        
        
        









    <div id="andon-cord-pulling_feature_div" class="feature" data-feature-name="andonCordPulling">




    

    
    
    
        
        
        
        
        
        
    
    
    

    















    </div>





        
        
    
        
        
        
        









    <div id="originalPackagingMessage_feature_div" class="feature" data-feature-name="originalPackagingMessage">




    

    
    
    
        
            
                
	                
	                
	                	




	                
                
            
        
        
        
        
        
        
    
    
    

    















    </div>





        
        
    
        
        
        
        









    <div id="ageWarning_feature_div" class="feature" data-feature-name="ageWarning">




    

    
    
    
        
            
                
	                
	                
	                	



	                
                
            
        
        
        
        
        
        
    
    
    

    















    </div>





        
        
    
        
        
        
        









    <div id="newerVersion_feature_div" class="feature" data-feature-name="newerVersion">




    

    
    
    
        
            
                
	                
	                
	                	




    <div id="newer-version" class="a-row a-float-left">
        <hr class="a-spacing-small a-divider-normal">
        
		<h4>Für diesen Artikel ist eine neuere Version vorhanden:</h4>
        <div class="a-fixed-left-grid"><div class="a-fixed-left-grid-inner" style="padding-left:80px">
            <div class="a-fixed-left-grid-col a-col-left" style="width:80px;margin-left:-80px;_margin-left:-40px;float:left;">
                <div class="a-row">
                    <a class="a-link-normal" href="/APTAMIL-KINDERMILCH-PLUS-600G-Pack/dp/B014JFOLFQ/ref=dp_ob_image_grocery">
                        <img alt="APTAMIL KINDERMILCH PLUS 1+ 600G (5er Pack)" src="http://ecx.images-amazon.com/images/I/51uOF1RLpFL._SL75_.jpg">
                    </a>
                </div>
            </div>
            <div class="a-fixed-left-grid-col a-col-right" style="padding-left:0%;*width:99.6%;float:left;">
                <a class="a-size-base a-link-normal" href="/APTAMIL-KINDERMILCH-PLUS-600G-Pack/dp/B014JFOLFQ/ref=dp_ob_title_grocery">APTAMIL KINDERMILCH PLUS 1+ 600G (5er Pack)</a>
                <br>
                

                

                 
            </div>
        </div></div>
    </div>
    <span class="a-letter-space"></span>


	                
                
            
        
        
        
        
        
        
    
    
    

    















    </div>





        
        
    
        
        
        
        









    <div id="productAlert_feature_div" class="feature" data-feature-name="productAlert">




    

    
    
    
        
        
        
        
        
        
    
    
    

    















    </div>





        
        
    
        
        
        
        









    <div id="vendorPoweredCoupon_feature_div" class="feature" data-feature-name="vendorPoweredCoupon">




    

    
    
    
        
            
                
	                
	                
	                	

	                
                
            
        
        
        
        
        
        
    
    
    

    















    </div>





        
        
    
        
        
        
        






        
        
    
</div>

<div id="hqpWrapper" class="centerColAlign">
    
        
        
        
        









    <div id="heroQuickPromo_feature_div" class="feature" data-feature-name="heroQuickPromo">




    

    
    
    
        
        
        
        
        
        

<div id="hero-quick-promo-grid_feature_div">



<div id="hero-quick-promo" class="a-row a-spacing-medium">
    
    <hr class="a-spacing-medium a-divider-normal">
    







<div id="universal-hero-quick-promo">


<div class="a-section a-spacing-none">
    <div class="a-fixed-left-grid"><div class="a-fixed-left-grid-inner" style="padding-left:75px">
        <style type="text/css">
            .a-fixed-left-grid .a-fixed-left-grid-inner::after {clear:left;}
        </style>

        <div class="a-fixed-left-grid-col a-col-left" style="width:75px;margin-left:-75px;_margin-left:-37.5px;float:left;">
            <a class="a-link-normal" href="/b?node=9501653031&pf_rd_p=900113807&pf_rd_s=hero-quick-promo&pf_rd_t=201&pf_rd_i=B00BSNACII&pf_rd_m=A3JWKAKR8XB7XF&pf_rd_r=0WSYMHX46SV2Y1P04DFY">
                <img alt="" src="http://g-ecx.images-amazon.com/images/G/03/grocery/bio_clean_eating/promotion/HQP2._SS75_CB294398614_.jpg" class="a-dynamic-image" height="75" width="75" data-a-dynamic-image="{}">
            </a>
        </div>

        <div class="a-fixed-left-grid-col a-col-right" style="padding-left:3.5%;*width:96.1%;float:left;">
            <div class="a-row">
                <span class="a-text-bold">Bio- & Clean Eating Store</span>
            </div>

            <div class="a-row">
                Gesund und bewusst ernähren. 
 <a class="a-link-normal" title="Hier geht&#39;s zum Store" href="/b?node=9501653031&pf_rd_p=900113807&pf_rd_s=hero-quick-promo&pf_rd_t=201&pf_rd_i=B00BSNACII&pf_rd_m=A3JWKAKR8XB7XF&pf_rd_r=0WSYMHX46SV2Y1P04DFY">Hier geht's zum Store</a>
            </div>
        </div>
    </div></div>
</div>
</div>


  
</div>
<div style="clear:left; margin-bottom:5px"></div>

</div>

    
    
    

    















    </div>





        
        
    
</div>

<script type="text/javascript">setCSMReq('af');if(typeof addlongPoleTag === 'function'){ addlongPoleTag('af','desktop-html-atf-marker');};</script>

<div id="hover-zoom-end" class="a-section a-spacing-small a-padding-mini"></div>

<div id="bottomRow">
    
        
        
        
        









    <div id="bundle_feature_div" class="feature" data-feature-name="bundle">




    

    
    
    
        
            
                
	                
	                
	                	





	                
                
            
        
        
        
        
        
        
    
    
    

    















    </div>





        
        
    
        
        
        
        









    <div id="twisterJsInitializer_feature_div" class="feature" data-feature-name="twisterJsInitializer">




    

    
    
    
        
            
                
	                
	                
	                	





    
    
    




<script type="text/javascript">
P.register('twister-js-init-dpx-data', function() {
    var dataToReturn = {
        "dimensionsDisplayType"  : [
            "singleton",
        ],
        "isImmersiveExperience" : false,
        "immersiveBannersPresent" : true,
        "immersivePartialStateMessage" : "",
        "immersiveFullySelectedStateMessage" : "",
        "multiDimensionWeblabEnabled" : false, 
        "dimensionSelectionData" : [{"isSelected":1,"isRequired":0}],
        "updateDivLists" : {
                "full"    : [{"updateOnHover":0,"divToUpdate":"instantOrderUpdate_feature_div","customClientFunction":0,"isPrefetchable":1,"loadingBar":0},{"updateOnHover":0,"divToUpdate":"companyCompliancePolicies_feature_div","customClientFunction":0,"isPrefetchable":1,"loadingBar":0},{"updateOnHover":0,"divToUpdate":"thumbs-image","customClientFunction":1,"isPrefetchable":1,"loadingBar":0},{"updateOnHover":1,"divToUpdate":"twister-main-image","customClientFunction":1,"isPrefetchable":1,"loadingBar":0},{"updateOnHover":0,"divToUpdate":"machineTranslation_feature_div","customClientFunction":0,"isPrefetchable":1,"loadingBar":0},{"updateOnHover":0,"divToUpdate":"title_feature_div","customClientFunction":0,"isPrefetchable":1,"loadingBar":0},{"updateOnHover":0,"divToUpdate":"brandByline_feature_div","customClientFunction":0,"isPrefetchable":1,"loadingBar":0},{"updateOnHover":0,"divToUpdate":"averageCustomerReviews_feature_div","customClientFunction":0,"isPrefetchable":1,"loadingBar":0},{"updateOnHover":0,"divToUpdate":"ask_feature_div","customClientFunction":0,"isPrefetchable":1,"loadingBar":0},{"updateOnHover":0,"divToUpdate":"zeitgeistBadge_feature_div","customClientFunction":0,"isPrefetchable":1,"loadingBar":0},{"updateOnHover":0,"divToUpdate":"price_feature_div","customClientFunction":0,"isPrefetchable":1,"loadingBar":0},{"updateOnHover":0,"divToUpdate":"pmpux_feature_div","customClientFunction":0,"isPrefetchable":1,"loadingBar":0},{"updateOnHover":0,"divToUpdate":"primenote_feature_div","customClientFunction":0,"isPrefetchable":1,"loadingBar":0},{"updateOnHover":0,"divToUpdate":"availability_feature_div","customClientFunction":0,"isPrefetchable":1,"loadingBar":0},{"updateOnHover":0,"divToUpdate":"dynamicDeliveryMessage_feature_div","customClientFunction":0,"isPrefetchable":1,"loadingBar":0},{"updateOnHover":0,"divToUpdate":"shipsFromSoldBy_feature_div","customClientFunction":0,"isPrefetchable":1,"loadingBar":0},{"updateOnHover":0,"divToUpdate":"smileEligibility_feature_div","customClientFunction":0,"isPrefetchable":1,"loadingBar":0},{"updateOnHover":0,"divToUpdate":"holidayAvailabilityMessage_feature_div","customClientFunction":0,"isPrefetchable":1,"loadingBar":0},{"updateOnHover":0,"divToUpdate":"olp_feature_div","customClientFunction":0,"isPrefetchable":1,"loadingBar":0},{"updateOnHover":0,"divToUpdate":"clickToContact_feature_div","customClientFunction":0,"isPrefetchable":1,"loadingBar":0},{"updateOnHover":0,"divToUpdate":"featurebullets_feature_div","customClientFunction":0,"isPrefetchable":1,"loadingBar":1},{"updateOnHover":0,"divToUpdate":"addOnItem_feature_div","customClientFunction":0,"isPrefetchable":1,"loadingBar":0},{"updateOnHover":0,"divToUpdate":"snsPromo_feature_div","customClientFunction":0,"isPrefetchable":1,"loadingBar":0},{"updateOnHover":0,"divToUpdate":"originalPackagingMessage_feature_div","customClientFunction":0,"isPrefetchable":1,"loadingBar":0},{"updateOnHover":0,"divToUpdate":"ageWarning_feature_div","customClientFunction":0,"isPrefetchable":1,"loadingBar":0},{"updateOnHover":0,"divToUpdate":"newerVersion_feature_div","customClientFunction":0,"isPrefetchable":1,"loadingBar":0},{"updateOnHover":0,"divToUpdate":"vendorPoweredCoupon_feature_div","customClientFunction":0,"isPrefetchable":1,"loadingBar":0},{"updateOnHover":0,"divToUpdate":"tellAFriendBox_feature_div","customClientFunction":0,"isPrefetchable":1,"loadingBar":0},{"updateOnHover":0,"divToUpdate":"buybox_feature_div","customClientFunction":0,"isPrefetchable":1,"loadingBar":0},{"updateOnHover":0,"divToUpdate":"moreBuyingChoices_feature_div","customClientFunction":0,"isPrefetchable":1,"loadingBar":1},{"updateOnHover":0,"divToUpdate":"product-ads-feedback_feature_div","customClientFunction":0,"isPrefetchable":1,"loadingBar":0},{"updateOnHover":0,"divToUpdate":"servicesInterstitial_feature_div","customClientFunction":0,"isPrefetchable":1,"loadingBar":0},{"updateOnHover":0,"divToUpdate":"bundle_feature_div","customClientFunction":0,"isPrefetchable":1,"loadingBar":0},{"updateOnHover":0,"divToUpdate":"productDescription_feature_div","customClientFunction":0,"isPrefetchable":1,"loadingBar":0},{"updateOnHover":0,"divToUpdate":"aplus_feature_div","customClientFunction":0,"isPrefetchable":1,"loadingBar":0}],
                "partial" : [{"updateOnHover":0,"divToUpdate":"thumbs-image","customClientFunction":1,"isPrefetchable":1,"loadingBar":0},{"updateOnHover":1,"divToUpdate":"twister-main-image","customClientFunction":1,"isPrefetchable":1,"loadingBar":0},{"updateOnHover":0,"divToUpdate":"tellAFriendBox_feature_div","customClientFunction":0,"isPrefetchable":1,"loadingBar":0},{"updateOnHover":0,"divToUpdate":"aplus_feature_div","customClientFunction":0,"isPrefetchable":1,"loadingBar":0}],
                "parent"  : [{"updateOnHover":0,"divToUpdate":"instantOrderUpdate_feature_div","customClientFunction":0,"isPrefetchable":1,"loadingBar":0},{"updateOnHover":0,"divToUpdate":"companyCompliancePolicies_feature_div","customClientFunction":0,"isPrefetchable":1,"loadingBar":0},{"updateOnHover":0,"divToUpdate":"machineTranslation_feature_div","customClientFunction":0,"isPrefetchable":1,"loadingBar":0},{"updateOnHover":0,"divToUpdate":"title_feature_div","customClientFunction":0,"isPrefetchable":1,"loadingBar":0},{"updateOnHover":0,"divToUpdate":"brandByline_feature_div","customClientFunction":0,"isPrefetchable":1,"loadingBar":0},{"updateOnHover":0,"divToUpdate":"averageCustomerReviews_feature_div","customClientFunction":0,"isPrefetchable":1,"loadingBar":0},{"updateOnHover":0,"divToUpdate":"ask_feature_div","customClientFunction":0,"isPrefetchable":1,"loadingBar":0},{"updateOnHover":0,"divToUpdate":"zeitgeistBadge_feature_div","customClientFunction":0,"isPrefetchable":1,"loadingBar":0},{"updateOnHover":0,"divToUpdate":"price_feature_div","customClientFunction":0,"isPrefetchable":1,"loadingBar":0},{"updateOnHover":0,"divToUpdate":"pmpux_feature_div","customClientFunction":0,"isPrefetchable":1,"loadingBar":0},{"updateOnHover":0,"divToUpdate":"primenote_feature_div","customClientFunction":0,"isPrefetchable":1,"loadingBar":0},{"updateOnHover":0,"divToUpdate":"availability_feature_div","customClientFunction":0,"isPrefetchable":1,"loadingBar":0},{"updateOnHover":0,"divToUpdate":"dynamicDeliveryMessage_feature_div","customClientFunction":0,"isPrefetchable":1,"loadingBar":0},{"updateOnHover":0,"divToUpdate":"shipsFromSoldBy_feature_div","customClientFunction":0,"isPrefetchable":1,"loadingBar":0},{"updateOnHover":0,"divToUpdate":"smileEligibility_feature_div","customClientFunction":0,"isPrefetchable":1,"loadingBar":0},{"updateOnHover":0,"divToUpdate":"holidayAvailabilityMessage_feature_div","customClientFunction":0,"isPrefetchable":1,"loadingBar":0},{"updateOnHover":0,"divToUpdate":"olp_feature_div","customClientFunction":0,"isPrefetchable":1,"loadingBar":0},{"updateOnHover":0,"divToUpdate":"clickToContact_feature_div","customClientFunction":0,"isPrefetchable":1,"loadingBar":0},{"updateOnHover":0,"divToUpdate":"featurebullets_feature_div","customClientFunction":0,"isPrefetchable":1,"loadingBar":1},{"updateOnHover":0,"divToUpdate":"addOnItem_feature_div","customClientFunction":0,"isPrefetchable":1,"loadingBar":0},{"updateOnHover":0,"divToUpdate":"snsPromo_feature_div","customClientFunction":0,"isPrefetchable":1,"loadingBar":0},{"updateOnHover":0,"divToUpdate":"originalPackagingMessage_feature_div","customClientFunction":0,"isPrefetchable":1,"loadingBar":0},{"updateOnHover":0,"divToUpdate":"ageWarning_feature_div","customClientFunction":0,"isPrefetchable":1,"loadingBar":0},{"updateOnHover":0,"divToUpdate":"newerVersion_feature_div","customClientFunction":0,"isPrefetchable":1,"loadingBar":0},{"updateOnHover":0,"divToUpdate":"vendorPoweredCoupon_feature_div","customClientFunction":0,"isPrefetchable":1,"loadingBar":0},{"updateOnHover":0,"divToUpdate":"buybox_feature_div","customClientFunction":0,"isPrefetchable":1,"loadingBar":0},{"updateOnHover":0,"divToUpdate":"moreBuyingChoices_feature_div","customClientFunction":0,"isPrefetchable":1,"loadingBar":1},{"updateOnHover":0,"divToUpdate":"product-ads-feedback_feature_div","customClientFunction":0,"isPrefetchable":1,"loadingBar":0},{"updateOnHover":0,"divToUpdate":"servicesInterstitial_feature_div","customClientFunction":0,"isPrefetchable":1,"loadingBar":0},{"updateOnHover":0,"divToUpdate":"bundle_feature_div","customClientFunction":0,"isPrefetchable":1,"loadingBar":0},{"updateOnHover":0,"divToUpdate":"productDescription_feature_div","customClientFunction":0,"isPrefetchable":1,"loadingBar":0}],
                "master"  : []
        },
        "dpEnvironment" : "hardlines",   
        "ajaxUrlParams" : "&exclusiveMerchantId=A3JWKAKR8XB7XF&productTypeDefinition=GROCERY&productGroupId=grocery_display_on_website&parentAsin=B013USRV1E&isPrime=0&isOneClickEnabled=0&fastRenderTreatment=C",
        "isImmersiveViewEnabled" : false,
        "isImmersiveViewEnabledOnDim" : [
                   false,
                   ],
        "isSlotsEnabled" : [
                            false,
                            ],
        "maxSwatchesForImmersiveView"  : [0,],
        "dimensionsDisplaySubType"  : ["",]
        
        
        ,"displayTypeProperties"  : [
             
                 
                 
                 {}
             
             ]
        
    };
    return dataToReturn;
});
</script>


	                
                
            
        
        
        
        
        
        
    
    
    

    















    </div>





        
        
    
</div>









<!-- MarkAF -->

    







 
 






<div id="buyxgety_feature_div">






    
    
    














    <div id='sims-fbt' class='bucket'>
        <hr class="a-divider-normal bucketDivider"><h2>Wird oft zusammen gekauft</h2>
        <div id="sims-fbt-container" data-p13n-feature-metadata="{&quot;baseAsin&quot;:&quot;B00BSNACII&quot;,&quot;has_seller_difference&quot;:&quot;0&quot;,&quot;has_diff_avail&quot;:&quot;0&quot;}" data-p13n-feature-name="pd_bxgy_325" data-p13n-global="{&quot;marketplace&quot;:&quot;DE&quot;,&quot;requestId&quot;:&quot;0WSYMHX46SV2Y1P04DFY&quot;,&quot;marketplaceId&quot;:&quot;A1PA6795UKMFR9&quot;,&quot;session&quot;:&quot;278-8288477-3349315&quot;}" class="a-container">
            <div id='sims-fbt-content'>
                <form id="sims-fbt-form" name="BuyXGetYhandleBuy" method="post" action="/gp/item-dispatch/ref=pd_bxgy_325_button_crt/278-8288477-3349315?ie=UTF8&refRID=0WSYMHX46SV2Y1P04DFY" autocomplete="off">
                <input type="hidden" name="session-id" value="278-8288477-3349315"><input type="hidden" name="discoveredAsins.1" value="B00BSNAC9C"><input type="hidden" name="discoveredAsins.2" value="B00FF6EHI0">
                <div>
                    <ul class="a-nostyle a-horizontal a-spacing-base a-spacing-top-base sims-fbt-image-box">
        <li class="a-align-center sims-fbt-image-1"><span class="a-list-item"><div class="a-section"><img alt="Aptamil Kindermilch 1+ ab 1 Jahr, 4er Pack (4 x 600 g)" src="http://ecx.images-amazon.com/images/I/51Lfv-i-z6L._AC_UL115_.jpg" class="sims-fbt-image"></div></span></li><li class="a-align-center sims-fbt-plus-2"><span class="a-list-item a-size-large a-color-tertiary">+</span></li><li class="a-align-center sims-fbt-image-2"><span class="a-list-item"><a class="a-link-normal" href="/Aptamil-Kindermilch-Jahren-4er-Pack/dp/B00BSNAC9C/ref=pd_bxgy_325_img_2/278-8288477-3349315?ie=UTF8&refRID=0WSYMHX46SV2Y1P04DFY"><div class="a-section"><img alt="Aptamil Kindermilch 2+ ab 2 Jahren, 4er Pack (4 x 600 g)" src="http://ecx.images-amazon.com/images/I/51-0dVWuw4L._AC_UL115_.jpg" class="sims-fbt-image"></div></a></span></li><li class="a-align-center sims-fbt-plus-3"><span class="a-list-item a-size-large a-color-tertiary">+</span></li><li class="a-align-center sims-fbt-image-3"><span class="a-list-item"><a class="a-link-normal" href="/Aptamil-Pronutra-Folgemilch-nach-Monat/dp/B00FF6EHI0/ref=pd_bxgy_325_img_3/278-8288477-3349315?ie=UTF8&refRID=0WSYMHX46SV2Y1P04DFY"><div class="a-section"><img alt="Aptamil Pronutra 2 Folgemilch, nach dem 6. Monat, 3er Pack (3 x 1.2 kg)" src="http://ecx.images-amazon.com/images/I/51ar2wnGeJL._AC_UL115_.jpg" class="sims-fbt-image"></div></a></span></li>
        </ul>
                    <div class='sims-fbt-price-box'>
                        <div class='sims-fbt-total-price'><span class="a-size-base a-color-secondary sims-fbt-total-price-text">Gesamtpreis: </span><span class="a-size-medium a-color-price sims-fbt-total-price-value">EUR 139,28</span></div>
                        <div class='sims-fbt-buttons'><div class="a-button-stack a-spacing-mini">
                            <span class="a-button a-button-primary a-button-small sims-fbt-add-to-cart"><span class="a-button-inner"><input name="submit.addToCart" class="a-button-input" type="submit"><span class="a-button-text" aria-hidden="true">Alle drei in den Einkaufswagen</span></span></span>
                            
                        </div></div>
                        <script type="a-state" data-a-state="{&quot;key&quot;:&quot;sims-fbt&quot;}">{"addToCartText":{"1":"In den Einkaufswagen","3":"Alle drei in den Einkaufswagen","2":"Beides in den Einkaufswagen"},"allOfferListingIDs":["FL8Rdnv2KTfzLuppvmSSpsdPJEDSsPzvb%2BofqzeMA2%2BBhUecKpA8qIXHe52llah%2FPRWCKqKRPzkG%2F2AKeY9P7lMwxtKhl03fH6u5FR%2FKskQ%3D","JoSHl56foKt9BkP2RD2ydOrr4aBtEgRyR9CP0cCBx8c%2FShd%2FFsKwlpLRHCGqNA5Tu%2BYzDE8di4xJ7%2FAj8sCayxPCUQ4htXqPWKDA%2FFPcfgE%3D","R%2BANYB41IVU3eSWT8N%2Br%2FwaqayMpyOIW3mAEExWph9s0mdRffqRxVBmIsor22BR1ce5nIXnEN%2FLSfMC1wcsojbqEZ05q7fVQY1VQMsiIcUQ%3D"],"currencySymbol":"EUR <span class=\"sims-fbt-price-value\"></span>","currencyCode":"EUR","MAPText":"Um unseren Preis zu sehen, legen Sie diese Artikel in Ihren Einkaufswagen. <a class=\"a-link-normal sims-fbt-map-details-link\" href=\"/gp/feature.html/ref=pd_bxgy_325_map/278-8288477-3349315?ie=UTF8&docId=174014&refRID=0WSYMHX46SV2Y1P04DFY\">Warum zeigen wir den Preis nicht an?</a>","shippingDetails":{"123":"same","23":"same","13":"same","12":"same"},"itemDetails":{"R%2BANYB41IVU3eSWT8N%2Br%2FwaqayMpyOIW3mAEExWph9s0mdRffqRxVBmIsor22BR1ce5nIXnEN%2FLSfMC1wcsojbqEZ05q7fVQY1VQMsiIcUQ%3D":{"asin":"B00FF6EHI0","isPreorder":0,"price":59.68,"doesMAPPolicyApply":0},"FL8Rdnv2KTfzLuppvmSSpsdPJEDSsPzvb%2BofqzeMA2%2BBhUecKpA8qIXHe52llah%2FPRWCKqKRPzkG%2F2AKeY9P7lMwxtKhl03fH6u5FR%2FKskQ%3D":{"asin":"B00BSNACII","isPreorder":0,"price":39.8,"doesMAPPolicyApply":0},"JoSHl56foKt9BkP2RD2ydOrr4aBtEgRyR9CP0cCBx8c%2FShd%2FFsKwlpLRHCGqNA5Tu%2BYzDE8di4xJ7%2FAj8sCayxPCUQ4htXqPWKDA%2FFPcfgE%3D":{"asin":"B00BSNAC9C","isPreorder":0,"price":39.8,"doesMAPPolicyApply":0}},"addToWishListText":{"1":"Zum Wunschzettel hinzufügen","3":"Alle drei zum Wunschzettel hinzufügen","2":"Beide zum Wunschzettel hinzufügen"},"preOrderText":null,"fbtStrings":null}</script>
                    </div>
                </div>
                
                <div class='sims-fbt-rows'><fieldset class="forScreenreaders"><legend><span>Die ausgewählten Artikel zusammen kaufen</span></legend><ul class="a-nostyle a-vertical"><li data-p13n-asin-metadata="{&quot;ref&quot;:&quot;pd_bxgy_325_1_1&quot;,&quot;price&quot;:39.8,&quot;asin&quot;:&quot;B00BSNACII&quot;}" class="a-spacing-mini p13n-asin"><span class="a-list-item"><span class="a-declarative" data-action="fbt-checkbox-click" data-fbt-checkbox-click="{&quot;itemNum&quot;:&quot;1&quot;,&quot;offerListingID&quot;:&quot;FL8Rdnv2KTfzLuppvmSSpsdPJEDSsPzvb%2BofqzeMA2%2BBhUecKpA8qIXHe52llah%2FPRWCKqKRPzkG%2F2AKeY9P7lMwxtKhl03fH6u5FR%2FKskQ%3D&quot;,&quot;asin&quot;:&quot;B00BSNACII&quot;}"><div data-a-input-name="offeringID.1" class="a-checkbox sims-fbt-checkbox"><label><input type="checkbox" name="offeringID.1" value="FL8Rdnv2KTfzLuppvmSSpsdPJEDSsPzvb%2BofqzeMA2%2BBhUecKpA8qIXHe52llah%2FPRWCKqKRPzkG%2F2AKeY9P7lMwxtKhl03fH6u5FR%2FKskQ%3D" checked><i class="a-icon a-icon-checkbox"></i><span class="a-label a-checkbox-label"><div class = 'sims-fbt-checkbox-label'><span class="sims-fbt-this-item a-text-bold">Dieser Artikel:</span><span>Aptamil Kindermilch 1+ ab 1 Jahr, 4er Pack (4 x 600 g)</span> <span class="a-color-price">EUR 39,80<span class="a-size-small a-color-secondary sims-fbt-price-ppu">(EUR 16,58 /  kg)</span></span> <div class="a-row a-spacing-micro a-spacing-top-micro a-size-small a-color-secondary sims-fbt-seller-info"><div class="a-row"><span class="a-size-base a-color-success">Auf Lager.</span></div><div class="a-row"><span class="a-size-base a-color-secondary a-text-normal">Versandt und verkauft von Amazon.de.</span></div><div class="a-row"><span class="a-size-base a-color-secondary a-text-normal"><b>Kostenlose Lieferung.</b> <a class="a-link-normal sims-fbt-details-help-link" target="AmazonHelp" href="/gp/help/customer/display.html/ref=pd_bxgy_325_1_sdc_sdc_1/278-8288477-3349315?ie=UTF8&nodeId=504950&pop-up=1&refRID=0WSYMHX46SV2Y1P04DFY">Details</a></span></div></div></div></span></label></div></span></span></li><li data-p13n-asin-metadata="{&quot;ref&quot;:&quot;pd_bxgy_325_2_2&quot;,&quot;price&quot;:39.8,&quot;asin&quot;:&quot;B00BSNAC9C&quot;}" class="a-spacing-mini p13n-asin"><span class="a-list-item"><span class="a-declarative" data-action="fbt-checkbox-click" data-fbt-checkbox-click="{&quot;itemNum&quot;:&quot;2&quot;,&quot;offerListingID&quot;:&quot;JoSHl56foKt9BkP2RD2ydOrr4aBtEgRyR9CP0cCBx8c%2FShd%2FFsKwlpLRHCGqNA5Tu%2BYzDE8di4xJ7%2FAj8sCayxPCUQ4htXqPWKDA%2FFPcfgE%3D&quot;,&quot;asin&quot;:&quot;B00BSNAC9C&quot;}"><div data-a-input-name="offeringID.2" class="a-checkbox sims-fbt-checkbox"><label><input type="checkbox" name="offeringID.2" value="JoSHl56foKt9BkP2RD2ydOrr4aBtEgRyR9CP0cCBx8c%2FShd%2FFsKwlpLRHCGqNA5Tu%2BYzDE8di4xJ7%2FAj8sCayxPCUQ4htXqPWKDA%2FFPcfgE%3D" checked><i class="a-icon a-icon-checkbox"></i><span class="a-label a-checkbox-label"><div class = 'sims-fbt-checkbox-label'><a class="a-size-base a-link-normal" href="/Aptamil-Kindermilch-Jahren-4er-Pack/dp/B00BSNAC9C/ref=pd_bxgy_325_2/278-8288477-3349315?ie=UTF8&refRID=0WSYMHX46SV2Y1P04DFY">Aptamil Kindermilch 2+ ab 2 Jahren, 4er Pack (4 x 600 g)</a> <span class="a-color-price">EUR 39,80<span class="a-size-small a-color-secondary sims-fbt-price-ppu">(EUR 16,58 /  kg)</span></span> <div class="a-row a-spacing-micro a-spacing-top-micro a-size-small a-color-secondary sims-fbt-seller-info"><div class="a-row"><span class="a-size-base a-color-success">Auf Lager.</span></div><div class="a-row"><span class="a-size-base a-color-secondary a-text-normal">Versandt und verkauft von Amazon.de.</span></div><div class="a-row"><span class="a-size-base a-color-secondary a-text-normal"><b>Kostenlose Lieferung.</b> <a class="a-link-normal sims-fbt-details-help-link" target="AmazonHelp" href="/gp/help/customer/display.html/ref=pd_bxgy_325_2_sdc_sdc_2/278-8288477-3349315?ie=UTF8&nodeId=504950&pop-up=1&refRID=0WSYMHX46SV2Y1P04DFY">Details</a></span></div></div></div></span></label></div></span></span></li><li data-p13n-asin-metadata="{&quot;ref&quot;:&quot;pd_bxgy_325_3_3&quot;,&quot;price&quot;:59.68,&quot;asin&quot;:&quot;B00FF6EHI0&quot;}" class="a-spacing-mini p13n-asin"><span class="a-list-item"><span class="a-declarative" data-action="fbt-checkbox-click" data-fbt-checkbox-click="{&quot;itemNum&quot;:&quot;3&quot;,&quot;offerListingID&quot;:&quot;R%2BANYB41IVU3eSWT8N%2Br%2FwaqayMpyOIW3mAEExWph9s0mdRffqRxVBmIsor22BR1ce5nIXnEN%2FLSfMC1wcsojbqEZ05q7fVQY1VQMsiIcUQ%3D&quot;,&quot;asin&quot;:&quot;B00FF6EHI0&quot;}"><div data-a-input-name="offeringID.3" class="a-checkbox sims-fbt-checkbox"><label><input type="checkbox" name="offeringID.3" value="R%2BANYB41IVU3eSWT8N%2Br%2FwaqayMpyOIW3mAEExWph9s0mdRffqRxVBmIsor22BR1ce5nIXnEN%2FLSfMC1wcsojbqEZ05q7fVQY1VQMsiIcUQ%3D" checked><i class="a-icon a-icon-checkbox"></i><span class="a-label a-checkbox-label"><div class = 'sims-fbt-checkbox-label'><a class="a-size-base a-link-normal" href="/Aptamil-Pronutra-Folgemilch-nach-Monat/dp/B00FF6EHI0/ref=pd_bxgy_325_3/278-8288477-3349315?ie=UTF8&refRID=0WSYMHX46SV2Y1P04DFY">Aptamil Pronutra 2 Folgemilch, nach dem 6. Monat, 3er Pack (3 x 1.2 kg)</a> <span class="a-color-price">EUR 59,68<span class="a-size-small a-color-secondary sims-fbt-price-ppu">(EUR 16,58 /  kg)</span></span> <div class="a-row a-spacing-micro a-spacing-top-micro a-size-small a-color-secondary sims-fbt-seller-info"><div class="a-row"><span class="a-size-base a-color-success">Auf Lager.</span></div><div class="a-row"><span class="a-size-base a-color-secondary a-text-normal">Versandt und verkauft von Amazon.de.</span></div><div class="a-row"><span class="a-size-base a-color-secondary a-text-normal"><b>Kostenlose Lieferung.</b> <a class="a-link-normal sims-fbt-details-help-link" target="AmazonHelp" href="/gp/help/customer/display.html/ref=pd_bxgy_325_3_sdc_sdc_3/278-8288477-3349315?ie=UTF8&nodeId=504950&pop-up=1&refRID=0WSYMHX46SV2Y1P04DFY">Details</a></span></div></div></div></span></label></div></span></span></li></ul></fieldset></div>
                </form>
            </div>
        </div>
    </div>
    











</div>


<div id="purchase-similarities_feature_div">






    
    
    















<hr class="a-divider-normal sims-carousel-heading bucketDivider">
        <div id="purchase-sims-feature" class="a-section a-spacing-large bucket">
            
        <div data-a-carousel-options="{&quot;ajax&quot;:{&quot;params&quot;:{&quot;featureId&quot;:&quot;SimilaritiesCarousel&quot;,&quot;reftagPrefix&quot;:&quot;pd_sim_325&quot;,&quot;widgetTemplateClass&quot;:&quot;PI::Similarities::ViewTemplates::Carousel::Desktop&quot;,&quot;imageHeight&quot;:160,&quot;faceoutTemplateClass&quot;:&quot;PI::P13N::ViewTemplates::Product::Desktop::CarouselFaceout&quot;,&quot;auiDeviceType&quot;:&quot;desktop&quot;,&quot;imageWidth&quot;:160,&quot;schemaVersion&quot;:2,&quot;productDetailsTemplateClass&quot;:&quot;PI::P13N::ViewTemplates::ProductDetails::Desktop::Base&quot;,&quot;relatedRequestID&quot;:&quot;0WSYMHX46SV2Y1P04DFY&quot;,&quot;maxLineCount&quot;:6},&quot;id_list&quot;:[&quot;B00BSNAC9C&quot;,&quot;B00FF6EHCG&quot;,&quot;B00D8V092W&quot;,&quot;B007X2CL6E&quot;,&quot;B004X0XAFK&quot;,&quot;B004X0XALE&quot;,&quot;B00D8V08UK&quot;,&quot;B004X0XBD6&quot;,&quot;B00FF6EH9Y&quot;,&quot;B016WEDI6K&quot;,&quot;B004X0X9TC&quot;,&quot;B005GIG1EA&quot;,&quot;B004X0XB3G&quot;,&quot;B00C7P950W&quot;,&quot;B008V8YZMM&quot;,&quot;B003R7KV34&quot;,&quot;B0084CRNBA&quot;,&quot;B00BSNACBU&quot;,&quot;B004X0XA6E&quot;,&quot;B016WEDHW0&quot;,&quot;B01BEZ14TA&quot;,&quot;B00D8V091S&quot;,&quot;B016WEDI60&quot;,&quot;B004FZ53HG&quot;,&quot;B00YPHX3KS&quot;,&quot;B012GZQU32&quot;,&quot;B00X7NBAVK&quot;,&quot;B00C1C2GIY&quot;,&quot;B00L4X8O5K&quot;,&quot;B009IH7MOS&quot;,&quot;B00U8IT2XA&quot;,&quot;B00WHV0QYK&quot;,&quot;B012GZQUU0&quot;,&quot;B0049MGV9Y&quot;,&quot;B003R7KW88&quot;,&quot;B01EY3WDP8&quot;,&quot;B01AWH5K9G&quot;,&quot;B012GZR5L8&quot;,&quot;B00DYT73RC&quot;,&quot;B00YPHX0M4&quot;,&quot;B01E6PP3HY&quot;,&quot;B00U8TQL0Q&quot;,&quot;B0052CJQCO&quot;,&quot;B01BNFSQRO&quot;,&quot;B00C7P951G&quot;,&quot;B00JXDASFW&quot;,&quot;B01AWH5K2I&quot;,&quot;B00YPHX060&quot;,&quot;B0196J948Y&quot;,&quot;B0052CK6DW&quot;,&quot;B00KS2ZEFQ&quot;,&quot;B0144K57JU&quot;,&quot;B00E67H7HM&quot;,&quot;B00TPM71EM&quot;,&quot;B00PVKUNII&quot;,&quot;B007FAVFV6&quot;,&quot;B01E6PP6LC&quot;,&quot;B0071IBQ6Q&quot;,&quot;B01AWH5JU6&quot;,&quot;B005SMW4P4&quot;,&quot;B00OY9J5L8&quot;,&quot;B00MTSDHEC&quot;,&quot;B006JHWIX0&quot;,&quot;B012GZRFZY&quot;,&quot;B000B4UHHQ&quot;,&quot;B01AWH4WY0&quot;,&quot;B01AWH4X08&quot;,&quot;B0084DATEW&quot;,&quot;B00KS2ZF78&quot;,&quot;B0052CK736&quot;,&quot;B01E6PP6VC&quot;,&quot;B01BEZ14PE&quot;,&quot;B00EUY1FG0&quot;,&quot;B01BEZ1FG2&quot;,&quot;B00L10WXKS&quot;,&quot;B01B83PDUO&quot;,&quot;B00UE18GAQ&quot;,&quot;B01BEZ14Z4&quot;,&quot;B01AWH5OGK&quot;,&quot;B0052CJ0SY&quot;,&quot;B003R7KW7Y&quot;,&quot;B00JR33YZ4&quot;,&quot;B0052CJ02U&quot;,&quot;B00MBKIUXQ&quot;],&quot;url&quot;:&quot;/gp/p13n-shared/faceout-partial&quot;,&quot;id_param_name&quot;:&quot;asins&quot;},&quot;baseAsin&quot;:&quot;B00BSNACII&quot;,&quot;name&quot;:&quot;purchase&quot;,&quot;set_size&quot;:84}" data-p13n-feature-metadata="{&quot;baseAsin&quot;:&quot;B00BSNACII&quot;}" data-p13n-feature-name="pd_sim_325" data-p13n-global="{&quot;auiDeviceType&quot;:&quot;desktop&quot;,&quot;marketplaceId&quot;:&quot;A1PA6795UKMFR9&quot;,&quot;requestId&quot;:&quot;0WSYMHX46SV2Y1P04DFY&quot;,&quot;marketplace&quot;:&quot;DE&quot;,&quot;session&quot;:&quot;278-8288477-3349315&quot;}" data-a-display-strategy="swap" data-a-transition-strategy="swap" data-a-class="desktop" class="a-carousel-container a-carousel-static a-carousel-display-swap a-carousel-transition-swap similarities-aui-carousel p13n-sc-carousel"><input autocomplete="on" type="hidden" class="a-carousel-firstvisibleitem">
            <div class="a-row a-carousel-header-row a-size-large"><div class="a-column a-span8"><h2 class="a-carousel-heading">Kunden, die diesen Artikel gekauft haben, kauften auch</h2></div><div class="a-column a-span4 a-span-last a-text-right"><span class="a-carousel-pagination a-size-base"><span class="a-carousel-page-count">Seite <span class="a-carousel-page-current">1</span> von <span class="a-carousel-page-max">1</span>  </span><span class="a-carousel-restart-container"><span class="a-text-separator"></span><a class="a-carousel-restart" href="#">Zum Anfang</a></span><span class="a-carousel-accessibility-page-info a-offscreen" aria-live="polite">Seite 1 von 1  </span></span></div></div>
            <span class="aok-offscreen p13n-sc-offscreen">Diese Einkaufsfunktion wird weiterhin Artikel laden. Um aus diesem Karussell zu navigieren, benutzen Sie bitte Ihre Überschrift-Tastenkombination, um zur nächsten oder vorherigen Überschrift zu navigieren.</span>
            
            <div class="a-row a-carousel-controls a-carousel-row a-carousel-has-buttons"><div class="a-carousel-row-inner"><div class="a-carousel-col a-carousel-left"><a class="a-button a-button-image a-carousel-button a-carousel-goto-prevpage" tabindex="0" href="#"><span class="a-button-inner"><i class="a-icon a-icon-previous"><span class="a-icon-alt">Zurück</span></i></span></a></div><div class="a-carousel-col a-carousel-center"><div class="a-carousel-viewport"><ol class="a-carousel" role="list">
                <li class="a-carousel-card a-float-left" role="listitem">
        <div data-asin="B00BSNAC9C" data-p13n-asin-metadata="{&quot;ref&quot;:&quot;pd_sim_325_1&quot;,&quot;asin&quot;:&quot;B00BSNAC9C&quot;}" data-ref="pd_sim_325_1" class="a-section a-spacing-none p13nimp p13n-asin">
            <a class="a-link-normal" href="/Aptamil-Kindermilch-Jahren-4er-Pack/dp/B00BSNAC9C/ref=pd_sim_325_1/278-8288477-3349315?ie=UTF8&dpID=51-0dVWuw4L&dpSrc=sims&preST=_AC_UL160_SR107%2C160_&refRID=0WSYMHX46SV2Y1P04DFY"><div class="a-section a-spacing-mini"><img alt="Aptamil Kindermilch 2+ ab 2 Jahren, 4er Pack (4 x 600 g)" src="http://ecx.images-amazon.com/images/I/51-0dVWuw4L._AC_UL160_SR107,160_.jpg" class="a-dynamic-image" height="160" width="107" data-a-dynamic-image="{&quot;http://ecx.images-amazon.com/images/I/51-0dVWuw4L._AC_UL480_SR321,480_.jpg&quot;:[480,321],&quot;http://ecx.images-amazon.com/images/I/51-0dVWuw4L._AC_UL160_SR107,160_.jpg&quot;:[160,107],&quot;http://ecx.images-amazon.com/images/I/51-0dVWuw4L._AC_UL320_SR214,320_.jpg&quot;:[320,214]}"></div>
        <div class="p13n-sc-truncate p13n-sc-line-clamp-4" aria-hidden="true" data-rows="4">
            Aptamil Kindermilch 2+ ab 2 Jahren, 4er Pack (4 x 600 g)
        </div>
    </a>
            
        <div class="a-icon-row a-spacing-none">
            <a class="a-link-normal" title="4.9 von 5 Sternen" href="/product-reviews/B00BSNAC9C/ref=pd_sim_325_cr_1/278-8288477-3349315?ie=UTF8&refRID=0WSYMHX46SV2Y1P04DFY">
                <i class="a-icon a-icon-star a-star-5"><span class="a-icon-alt">4,9 von 5 Sternen</span></i>
            </a>
            <a class="a-size-small a-link-normal" href="/product-reviews/B00BSNAC9C/ref=pd_sim_325_cr_1/278-8288477-3349315?ie=UTF8&refRID=0WSYMHX46SV2Y1P04DFY">19</a>
        </div>
    <div class="a-row"><span class="a-size-base a-color-price">EUR 39,80</span> <span class="a-size-mini a-color-secondary">(EUR 16,58 /  kg)</span> <span style="position: relative; top: 2px;"><i class="a-icon a-icon-prime a-icon-small" aria-label="Prime"><span class="a-icon-alt">Prime</span></i></span></div>
        </div>
    </li><li class="a-carousel-card a-float-left" role="listitem">
        <div data-asin="B00FF6EHCG" data-p13n-asin-metadata="{&quot;ref&quot;:&quot;pd_sim_325_2&quot;,&quot;asin&quot;:&quot;B00FF6EHCG&quot;}" data-ref="pd_sim_325_2" class="a-section a-spacing-none p13nimp p13n-asin">
            <a class="a-link-normal" href="/Aptamil-Pronutra-Folgemilch-Monat-Pack/dp/B00FF6EHCG/ref=pd_sim_325_2/278-8288477-3349315?ie=UTF8&dpID=514NCoAWMrL&dpSrc=sims&preST=_AC_UL160_SR105%2C160_&refRID=0WSYMHX46SV2Y1P04DFY"><div class="a-section a-spacing-mini"><img alt="Aptamil Pronutra 3 Folgemilch, ab dem 10. Monat, 3er Pack (3 x 1.2 kg)" src="http://ecx.images-amazon.com/images/I/514NCoAWMrL._AC_UL160_SR105,160_.jpg" class="a-dynamic-image" height="160" width="105" data-a-dynamic-image="{&quot;http://ecx.images-amazon.com/images/I/514NCoAWMrL._AC_UL160_SR105,160_.jpg&quot;:[160,105],&quot;http://ecx.images-amazon.com/images/I/514NCoAWMrL._AC_UL480_SR315,480_.jpg&quot;:[480,315],&quot;http://ecx.images-amazon.com/images/I/514NCoAWMrL._AC_UL320_SR210,320_.jpg&quot;:[320,210]}"></div>
        <div class="p13n-sc-truncate p13n-sc-line-clamp-4" aria-hidden="true" data-rows="4">
            Aptamil Pronutra 3 Folgemilch, ab dem 10. Monat, 3er Pack (3 x 1.2 kg)
        </div>
    </a>
            
        <div class="a-icon-row a-spacing-none">
            <a class="a-link-normal" title="4.9 von 5 Sternen" href="/product-reviews/B00FF6EHCG/ref=pd_sim_325_cr_2/278-8288477-3349315?ie=UTF8&refRID=0WSYMHX46SV2Y1P04DFY">
                <i class="a-icon a-icon-star a-star-5"><span class="a-icon-alt">4,9 von 5 Sternen</span></i>
            </a>
            <a class="a-size-small a-link-normal" href="/product-reviews/B00FF6EHCG/ref=pd_sim_325_cr_2/278-8288477-3349315?ie=UTF8&refRID=0WSYMHX46SV2Y1P04DFY">11</a>
        </div>
    <div class="a-row"><span class="a-size-base a-color-price">EUR 59,68</span> <span class="a-size-mini a-color-secondary">(EUR 16,58 /  kg)</span> <span style="position: relative; top: 2px;"><i class="a-icon a-icon-prime a-icon-small" aria-label="Prime"><span class="a-icon-alt">Prime</span></i></span></div>
        </div>
    </li><li class="a-carousel-card a-float-left" role="listitem">
        <div data-asin="B00D8V092W" data-p13n-asin-metadata="{&quot;ref&quot;:&quot;pd_sim_325_3&quot;,&quot;asin&quot;:&quot;B00D8V092W&quot;}" data-ref="pd_sim_325_3" class="a-section a-spacing-none p13nimp p13n-asin">
            <a class="a-link-normal" href="/Aptamil-Pronutra-Folgemilch-nach-Monat/dp/B00D8V092W/ref=pd_sim_325_3/278-8288477-3349315?ie=UTF8&dpID=51jik-eIqPL&dpSrc=sims&preST=_AC_UL160_SR98%2C160_&refRID=0WSYMHX46SV2Y1P04DFY"><div class="a-section a-spacing-mini"><img alt="Aptamil Pronutra 2 Folgemilch, nach dem 6. Monat, 4er Pack (4 x 800 g)" src="http://ecx.images-amazon.com/images/I/51jik-eIqPL._AC_UL160_SR98,160_.jpg" class="a-dynamic-image" height="160" width="98" data-a-dynamic-image="{&quot;http://ecx.images-amazon.com/images/I/51jik-eIqPL._AC_UL160_SR98,160_.jpg&quot;:[160,98],&quot;http://ecx.images-amazon.com/images/I/51jik-eIqPL._AC_UL480_SR294,480_.jpg&quot;:[480,294],&quot;http://ecx.images-amazon.com/images/I/51jik-eIqPL._AC_UL320_SR196,320_.jpg&quot;:[320,196]}"></div>
        <div class="p13n-sc-truncate p13n-sc-line-clamp-5" aria-hidden="true" data-rows="5">
            Aptamil Pronutra 2 Folgemilch, nach dem 6. Monat, 4er Pack (4 x 800 g)
        </div>
    </a>
            
        <div class="a-icon-row a-spacing-none">
            <a class="a-link-normal" title="4.8 von 5 Sternen" href="/product-reviews/B00D8V092W/ref=pd_sim_325_cr_3/278-8288477-3349315?ie=UTF8&refRID=0WSYMHX46SV2Y1P04DFY">
                <i class="a-icon a-icon-star a-star-5"><span class="a-icon-alt">4,8 von 5 Sternen</span></i>
            </a>
            <a class="a-size-small a-link-normal" href="/product-reviews/B00D8V092W/ref=pd_sim_325_cr_3/278-8288477-3349315?ie=UTF8&refRID=0WSYMHX46SV2Y1P04DFY">17</a>
        </div>
    
        </div>
    </li><li class="a-carousel-card a-float-left" role="listitem">
        <div data-asin="B007X2CL6E" data-p13n-asin-metadata="{&quot;ref&quot;:&quot;pd_sim_325_4&quot;,&quot;asin&quot;:&quot;B007X2CL6E&quot;}" data-ref="pd_sim_325_4" class="a-section a-spacing-none p13nimp p13n-asin">
            <a class="a-link-normal" href="/Hipp-Bio-Kindermilch-Jahr-Pack/dp/B007X2CL6E/ref=pd_sim_325_4/278-8288477-3349315?ie=UTF8&dpID=51%2Be-UWDYJL&dpSrc=sims&preST=_AC_UL160_SR97%2C160_&refRID=0WSYMHX46SV2Y1P04DFY"><div class="a-section a-spacing-mini"><img alt="Hipp Bio Kindermilch ab 1 Jahr, 4er Pack (4 x 800 g) - Bio" src="http://ecx.images-amazon.com/images/I/51%2Be-UWDYJL._AC_UL160_SR97,160_.jpg" class="a-dynamic-image" height="160" width="97" data-a-dynamic-image="{&quot;http://ecx.images-amazon.com/images/I/51%2Be-UWDYJL._AC_UL480_SR291,480_.jpg&quot;:[480,291],&quot;http://ecx.images-amazon.com/images/I/51%2Be-UWDYJL._AC_UL320_SR194,320_.jpg&quot;:[320,194],&quot;http://ecx.images-amazon.com/images/I/51%2Be-UWDYJL._AC_UL160_SR97,160_.jpg&quot;:[160,97]}"></div>
        <div class="p13n-sc-truncate p13n-sc-line-clamp-4" aria-hidden="true" data-rows="4">
            Hipp Bio Kindermilch ab 1 Jahr, 4er Pack (4 x 800 g) - Bio
        </div>
    </a>
            
        <div class="a-icon-row a-spacing-none">
            <a class="a-link-normal" title="4.5 von 5 Sternen" href="/product-reviews/B007X2CL6E/ref=pd_sim_325_cr_4/278-8288477-3349315?ie=UTF8&refRID=0WSYMHX46SV2Y1P04DFY">
                <i class="a-icon a-icon-star a-star-4-5"><span class="a-icon-alt">4,6 von 5 Sternen</span></i>
            </a>
            <a class="a-size-small a-link-normal" href="/product-reviews/B007X2CL6E/ref=pd_sim_325_cr_4/278-8288477-3349315?ie=UTF8&refRID=0WSYMHX46SV2Y1P04DFY">22</a>
        </div>
    <div class="a-row"><span class="a-size-base a-color-price">EUR 37,80</span> <span class="a-size-mini a-color-secondary">(EUR 11,81 /  kg)</span> <span style="position: relative; top: 2px;"><i class="a-icon a-icon-prime a-icon-small" aria-label="Prime"><span class="a-icon-alt">Prime</span></i></span></div>
        </div>
    </li><li class="a-carousel-card a-float-left" role="listitem">
        <div data-asin="B004X0XAFK" data-p13n-asin-metadata="{&quot;ref&quot;:&quot;pd_sim_325_5&quot;,&quot;asin&quot;:&quot;B004X0XAFK&quot;}" data-ref="pd_sim_325_5" class="a-section a-spacing-none p13nimp p13n-asin">
            <a class="a-link-normal" href="/HiPP-Kindermilch-Combiotik-Jahr-Pack/dp/B004X0XAFK/ref=pd_sim_325_5/278-8288477-3349315?ie=UTF8&dpID=51fvb8WSpEL&dpSrc=sims&preST=_AC_UL160_SR100%2C160_&refRID=0WSYMHX46SV2Y1P04DFY"><div class="a-section a-spacing-mini"><img alt="HiPP Kindermilch Combiotik ab 1 Jahr, 4er Pack (4 x 600 g)" src="http://ecx.images-amazon.com/images/I/51fvb8WSpEL._AC_UL160_SR100,160_.jpg" class="a-dynamic-image" height="160" width="100" data-a-dynamic-image="{&quot;http://ecx.images-amazon.com/images/I/51fvb8WSpEL._AC_UL480_SR300,480_.jpg&quot;:[480,300],&quot;http://ecx.images-amazon.com/images/I/51fvb8WSpEL._AC_UL320_SR200,320_.jpg&quot;:[320,200],&quot;http://ecx.images-amazon.com/images/I/51fvb8WSpEL._AC_UL160_SR100,160_.jpg&quot;:[160,100]}"></div>
        <div class="p13n-sc-truncate p13n-sc-line-clamp-5" aria-hidden="true" data-rows="5">
            HiPP Kindermilch Combiotik ab 1 Jahr, 4er Pack (4 x 600 g)
        </div>
    </a>
            
        <div class="a-icon-row a-spacing-none">
            <a class="a-link-normal" title="3.8 von 5 Sternen" href="/product-reviews/B004X0XAFK/ref=pd_sim_325_cr_5/278-8288477-3349315?ie=UTF8&refRID=0WSYMHX46SV2Y1P04DFY">
                <i class="a-icon a-icon-star a-star-4"><span class="a-icon-alt">3,8 von 5 Sternen</span></i>
            </a>
            <a class="a-size-small a-link-normal" href="/product-reviews/B004X0XAFK/ref=pd_sim_325_cr_5/278-8288477-3349315?ie=UTF8&refRID=0WSYMHX46SV2Y1P04DFY">6</a>
        </div>
    
        </div>
    </li><li class="a-carousel-card a-float-left" role="listitem">
        <div data-asin="B004X0XALE" data-p13n-asin-metadata="{&quot;ref&quot;:&quot;pd_sim_325_6&quot;,&quot;asin&quot;:&quot;B004X0XALE&quot;}" data-ref="pd_sim_325_6" class="a-section a-spacing-none p13nimp p13n-asin">
            <a class="a-link-normal" href="/HiPP-Kindermilch-Combiotik-Jahre-Pack/dp/B004X0XALE/ref=pd_sim_325_6/278-8288477-3349315?ie=UTF8&dpID=51vcR7%2BjnCL&dpSrc=sims&preST=_AC_UL160_SR111%2C160_&refRID=0WSYMHX46SV2Y1P04DFY"><div class="a-section a-spacing-mini"><img alt="HiPP Kindermilch Combiotik ab 2 Jahre (4er Pack, 4 x 600 g)" src="http://ecx.images-amazon.com/images/I/51vcR7%2BjnCL._AC_UL160_SR111,160_.jpg" class="a-dynamic-image" height="160" width="111" data-a-dynamic-image="{&quot;http://ecx.images-amazon.com/images/I/51vcR7%2BjnCL._AC_UL480_SR333,480_.jpg&quot;:[480,333],&quot;http://ecx.images-amazon.com/images/I/51vcR7%2BjnCL._AC_UL160_SR111,160_.jpg&quot;:[160,111],&quot;http://ecx.images-amazon.com/images/I/51vcR7%2BjnCL._AC_UL320_SR222,320_.jpg&quot;:[320,222]}"></div>
        <div class="p13n-sc-truncate p13n-sc-line-clamp-4" aria-hidden="true" data-rows="4">
            HiPP Kindermilch Combiotik ab 2 Jahre (4er Pack, 4 x 600 g)
        </div>
    </a>
            
        <div class="a-icon-row a-spacing-none">
            <a class="a-link-normal" title="5.0 von 5 Sternen" href="/product-reviews/B004X0XALE/ref=pd_sim_325_cr_6/278-8288477-3349315?ie=UTF8&refRID=0WSYMHX46SV2Y1P04DFY">
                <i class="a-icon a-icon-star a-star-5"><span class="a-icon-alt">5,0 von 5 Sternen</span></i>
            </a>
            <a class="a-size-small a-link-normal" href="/product-reviews/B004X0XALE/ref=pd_sim_325_cr_6/278-8288477-3349315?ie=UTF8&refRID=0WSYMHX46SV2Y1P04DFY">5</a>
        </div>
    <div class="a-row"><span class="a-size-base a-color-price">EUR 49,03</span> <span class="a-size-mini a-color-secondary">(EUR 20,43 /  kg)</span> </div>
        </div>
    </li>
            </ol></div></div><div class="a-carousel-col a-carousel-right"><a class="a-button a-button-image a-carousel-button a-carousel-goto-nextpage" tabindex="0" href="#"><span class="a-button-inner"><i class="a-icon a-icon-next"><span class="a-icon-alt">Weiter</span></i></span></a></div></div></div>
        </div>
        
    
        </div>
        
        
    



</div>








<script type="text/javascript">

window.AmazonPopoverImages = {
  snake: 'http://g-ecx.images-amazon.com/images/G/01/javascripts/lib/popover/images/snake._CB192571611_.gif',
  btnClose: 'http://g-ecx.images-amazon.com/images/G/01/javascripts/lib/popover/images/btn_close._CB192188154_.gif',
  closeTan: 'http://g-ecx.images-amazon.com/images/G/03/nav2/images/close-tan-sm._CB192552265_.gif',
  closeTanDown: 'http://g-ecx.images-amazon.com/images/G/03/nav2/images/close-tan-sm-dn._CB192552269_.gif',
  loadingBar: 'http://g-ecx.images-amazon.com/images/G/01/javascripts/lib/popover/images/loading-bar-small._CB192188123_.gif',
  pixel: 'http://g-ecx.images-amazon.com/images/G/01/icons/blank-pixel._CB192192429_.gif'
};
var container = document.createElement("DIV");
container.id = "ap_container";
if (document.body.childNodes.length) {
    document.body.insertBefore(container, document.body.childNodes[0]);
} else {
    document.body.appendChild(container);
}

</script>

    <script type="text/javascript">
    (function() {
        var h = document.head || document.getElementsByTagName('head')[0] || document.documentElement;
        var s = document.createElement('script');
        s.async = 'async';
        s.src = 'http://z-ecx.images-amazon.com/images/G/01/browser-scripts/site-wide-js-1.6.4-beacon/site-wide-7123153309._V1_.js';
        h.insertBefore(s, h.firstChild);
     })();
    </script>
<script type='text/javascript'>
    amznJQ.addLogical('popover', []);
</script>



<div id="dp-ads-center-promo-top_feature_div">
</div>



  
  
  
  

  
  <style> .sp-dp-ellipsis { overflow: hidden; white-space: normal; } .sp-dp-offer-title { max-height: 76px; } .sp-dp-author { max-height: 17px; } </style> <hr size="1" noshade="noshade" class="bucketDivider"> <div id="sponsored-products-dp_feature_div" style="overflow:hidden;"> <div class="a-section a-spacing-none a-row"> <div id="sp_detail" data-a-display-strategy="swap" data-a-transition-strategy="swap" data-a-ajax-strategy="clicksCustomAjax" data-a-carousel-options='{"name":"sp_detail_carousel", "initialSeenAsins":"\"B016ID1WCM\",\"B00R4BTI3S\",\"B0118X3SC4\",\"B014O9OR2E\",\"B00MDW2S12\",\"B01AEV03X8\",\"B00ITO3I58\"" , "circular":false, "auto_adjust_height":true, "ajax":{"params":{&quot;ASIN&quot;:&quot;B00BSNACII&quot;,&quot;ie&quot;:&quot;UTF8&quot;,&quot;searchTerms&quot;:&quot;&quot;,&quot;searchIndex&quot;:&quot;&quot;,&quot;referringSearchEngine&quot;:&quot;&quot;,&quot;wName&quot;:&quot;sp_detail&quot;,&quot;pRID&quot;:&quot;0WSYMHX46SV2Y1P04DFY&quot;,&quot;start&quot;:&quot;7&quot;,&quot;cc&quot;:&quot;7&quot;}, "url":"/gp/nemo/spd/handlers/spd-shov.html"}, "set_size":"16"}' class="a-carousel-container a-carousel-display-swap a-carousel-transition-swap"> <form class="a-carousel-state" action="#" method="get"><input autocomplete="on" type="hidden" name="firstVisibleItem" class="a-carousel-firstvisibleitem"></form> <div class="a-row a-carousel-header-row a-size-large pa_componentTitleTest"> <div class="a-column a-span8"> <h2 class="a-carousel-heading"> Gesponserte Produkte zu diesem Artikel <a class='a-size-base a-text-normal a-declarative' data-action='a-popover' data-a-popover='{"name":"sponsored-products-related", "position":"triggerBottom", "activate":"onclick"}' href='javascript:void(0)'> (Was ist das?) </a> </h2> </div> <div class="a-column a-span4 a-span-last a-text-right"> <span class="a-carousel-pagination a-size-base"> <span class="a-carousel-page-count"> Seite <span class="a-carousel-page-current"> 1 </span> von <span class="a-carousel-page-max"> 1 </span> </span> <span class="a-carousel-restart-container"> <span class="a-text-separator"></span> <a class="a-carousel-restart" href="#">Zum Anfang</a> </span> </span> </div> </div> <div class="a-popover-content a-popover-preload" id="a-popover-sponsored-products-related"> <p> Gesponserte Produkte sind Anzeigen für Produkte, die von Händlern auf Amazon.de verkauft werden. Wenn Sie auf eine Anzeige für ein Gesponsertes Produkt klicken, werden Sie zu einem Amazon Detailseite gebracht, wo Sie mehr über das Produkt erfahren und es kaufen können. </p> <p> Weitere Informationen über Amazon Gesponserte Produkte, <a class="a-link-normal" target="_blank" href="http://services.amazon.de/programme/gesponserte-produkte/so-funktionierts.html?ld=AZDESPWhatsThis">klicken Sie hier</a>. <p> </div> <div class="a-row a-carousel-controls a-carousel-row a-carousel-has-buttons"> <div class="a-carousel-row-inner"> <div class="a-carousel-col a-carousel-center"> <div class="a-carousel-viewport"> <ol class="a-carousel" aria-live="assertive" role="list"> <li class="a-carousel-card" role="listitem" style="width:160px;" aria-setsize="16"> <div id="0WSYMHX46SV2Y1P04DFY_sp_detail_1_1" data-asin="B016ID1WCM"> <div class="sp_offerVertical"> <div class="pa_feedbackForm_container_sp_detail" style="display:none"> <div class="sp_adID"> <span id="pa_0WSYMHX46SV2Y1P04DFY_sp_detail_1_1" class="a-declarative" data-action="a-modal" data-a-modal="{&quot;url&quot;:&quot;/gp/sponsored-products/lazyLoad/handler/sp-feedback-handler.html?pl=dh7306X5iFnCq1vD3n4hzCSyjYMUm4fP3E0tb%2FucC4xW2ZkgJJDs1b%2BFtwiN%2FFhrMJfwrii0vTiFLUQz7YfB6z6tHYdUlts7g63PyRCuDTJW1z03huukhVPcUYOXx%2Fb1SewkoK3xRn%2FEklVsnADfotWivGkzDaHMKXaSP%2FHVhxtcvJYy2HM9NMsfMsENvOOBI9hqEo7f1UYAHhINE5gPp37JITqiWLY9Sh7XNI9oVhv9fjnDNY1UbGiomCVkH3frYbHxL%2BpJJcVnQbS7w53TrV4GzFkv9ICX3d1fKULmr5ypWhVFHVCJLjLXuc7qsWAPusKQPijHKVxLOqHJB2Msa2k%2FLaIWOiNz9W9FlKSDgYr7RfVENERcP3irWwHjoca%2BzH%2BCeWEqAwxwiGhFZTU1MjEbF87MQ80K3JlYT14KlVJISJtDyfKYItMg0GBIKrvB5s9iFqcVQApYHpMaebUYKCfg3NRT3UgyUHI5a2XB3yh8hsHE569pfEbm%2FIYjhdZWsm7B5fU13ZIaWn%2F%2B2UTJSWPZHvoT5wYb5J8gZPDBZM%2Byf%2Fy0nruFaUTeOJ6jW%2F1N3IMbTnzJxiw%3D&quot;,&quot;name&quot;:&quot;sponsored-products-feedback-modal-sp_detail&quot;,&quot;header&quot;:&quot;Feedback mitteilen&quot;,&quot;footer&quot;:&quot;&lt;div id='sponsored-products-feedback-footer'&gt;&lt;/div&gt;&quot;,&quot;width&quot;:&quot;350&quot;}"> <a class="a-popover-trigger a-declarative">Feedback</a> </span> </div> </div> <div class="sp_dpOffer"> <a href="/gp/slredirect/picassoRedirect.html/ref=dp_sp_detail_0?ie=UTF8&amp;adId=A097011132PERCTHO4XJG&amp;url=%2Fdp%2FB016ID1WCM%3Fpsc%3D1&amp;qualifier=508058&amp;id=3104556282089492408&amp;widgetName=sp_detail" title="Guru Kokosöl 1000ml nativ &amp; naturrein -Bio Qualität-" target="_self"> <div class="a-carousel-photo"><img border="0" alt="" src="http://ecx.images-amazon.com/images/I/41McGwqfkCL._AC_SR160,160_.jpg"></div> <div data-rows="4" aria-hidden="true" class="sponsored-products-truncator-truncate sponsored-products-truncator-line-clamp-4">Guru Kokosöl 1000ml nativ &amp; naturrein -Bio Qualität-</div> </a> <div class="a-icon-row"> <a href="/gp/slredirect/picassoRedirect.html/ref=sp_detail_dktp_cr?ie=UTF8&amp;adId=A097011132PERCTHO4XJG&amp;url=%2Fdp%2FB016ID1WCM%3Fpsc%3D1%23customerReviews&amp;qualifier=508058&amp;id=3104556282089492408&amp;widgetName=sp_detail"> <i class="a-icon a-icon-star a-star-5" title="4.8 von 5 Sternen"> <span class="a-icon-alt">4.8 von 5 Sternen </span> </i> </a> <a class="a-size-base" href="/gp/slredirect/picassoRedirect.html/ref=sp_detail_dktp_cr?ie=UTF8&amp;adId=A097011132PERCTHO4XJG&amp;url=%2Fdp%2FB016ID1WCM%3Fpsc%3D1%23customerReviews&amp;qualifier=508058&amp;id=3104556282089492408&amp;widgetName=sp_detail">52</a> </div> <div class="a-row a-color-price"> EUR 12,99&nbsp; <span class="a-size-mini">(EUR 12,99/l) </span> </div> </div> </div> </div> <script> P.when('A', 'call-on-visible').execute(function(A) { var offer = A.$("#0WSYMHX46SV2Y1P04DFY_sp_detail_1_1"); if (typeof offer.callOnVisible == "function") { offer.callOnVisible(function () { var img = new Image(); img.src = "http://fls-eu.amazon.com/1/amazon-clicks/1/OP/?requestId=0WSYMHX46SV2Y1P04DFY&childRequestId=0WSYMHX46SV2Y1P04DFY&widgetName=sp_detail&searchResultNumber=1&impressionRankOnAsin=1"; this.setAttribute("id", "0WSYMHX46SV2Y1P04DFY_sp_detail_1_1" + "_sent"); }); } }); </script> </li> <li class="a-carousel-card" role="listitem" style="width:160px;" aria-setsize="16"> <div id="0WSYMHX46SV2Y1P04DFY_sp_detail_1_2" data-asin="B00R4BTI3S"> <div class="sp_offerVertical"> <div class="pa_feedbackForm_container_sp_detail" style="display:none"> <div class="sp_adID"> <span id="pa_0WSYMHX46SV2Y1P04DFY_sp_detail_1_2" class="a-declarative" data-action="a-modal" data-a-modal="{&quot;url&quot;:&quot;/gp/sponsored-products/lazyLoad/handler/sp-feedback-handler.html?pl=NQU3wa1O46DKoYskDHM4WgvBPDV7f06%2Fh1kiLVF%2BBTIE8h85d3oZ8HdWg77RuTerM3cJcGwidQg%2FIZZBC1%2FzAb6%2Bjqfm72nwAa8h5n93nGtZdCMXChZyHkvfCsRtv%2BX%2BXPKP1StwMpmEP%2BUJick5dgtVveM0Af6miZ4LpWi5sRyhSJkxxTSQI2V2wR3xl8%2FhuwAfh%2BSWekeki4I2GeNnoIZyAMMpCshvNEfpHrGd1mrDgXCF1zTnOMlk42Y0l5B30eKXllY6AFhQp4qAfscLkKyrS6ZLgIb1l%2BmqP3oWICS%2Bcj6uYz3stRH95%2F4DCHtaGq2r%2BUmxYZewRrjpwjEl6Xbv8LPhuBYObE2hM6Uxz8gCCTPaqMMQ2HI0dqOBiBhld0kVhAhWcgFWubgnuDmxq1TEsLAkdZdGFD0KUZrG8VaHy828l4CV5%2BsG9tc8uASyuaMJxojzFc5fWR8dmmPbhqp1JHUHLE6sxtMN3JRULFenKPjKRZUrgdcNUFLcjN7hwwEpEGhTAU%2BZhxlScuL0np3ypbIqna6NmLNBOHnD%2BhrZFYKyJIUCJjbsTsJBZv8FUrCfPvJZLTiI0XEI8zLNxZallkIkEqRR&quot;,&quot;name&quot;:&quot;sponsored-products-feedback-modal-sp_detail&quot;,&quot;header&quot;:&quot;Feedback mitteilen&quot;,&quot;footer&quot;:&quot;&lt;div id='sponsored-products-feedback-footer'&gt;&lt;/div&gt;&quot;,&quot;width&quot;:&quot;350&quot;}"> <a class="a-popover-trigger a-declarative">Feedback</a> </span> </div> </div> <div class="sp_dpOffer"> <a href="/gp/slredirect/picassoRedirect.html/ref=dp_sp_detail_1?ie=UTF8&amp;adId=A0491846330DWVMW1POXP&amp;url=%2Fdp%2FB00R4BTI3S%3Fpsc%3D1&amp;qualifier=508058&amp;id=3104556282089492408&amp;widgetName=sp_detail" title="Aptamil 2 Folgemilch mit Pronutra A, 6er Pack (6 x 800g)" target="_self"> <div class="a-carousel-photo"><img border="0" alt="" src="http://ecx.images-amazon.com/images/I/51ZMgLeAYML._AC_SR160,160_.jpg"></div> <div data-rows="4" aria-hidden="true" class="sponsored-products-truncator-truncate sponsored-products-truncator-line-clamp-4">Aptamil 2 Folgemilch mit Pronutra A, 6er Pack (6 x 800g)</div> </a> <div class="a-icon-row"> <a href="/gp/slredirect/picassoRedirect.html/ref=sp_detail_dktp_cr?ie=UTF8&amp;adId=A0491846330DWVMW1POXP&amp;url=%2Fdp%2FB00R4BTI3S%3Fpsc%3D1%23customerReviews&amp;qualifier=508058&amp;id=3104556282089492408&amp;widgetName=sp_detail"> <i class="a-icon a-icon-star a-star-5" title="5 von 5 Sternen"> <span class="a-icon-alt">5 von 5 Sternen </span> </i> </a> <a class="a-size-base" href="/gp/slredirect/picassoRedirect.html/ref=sp_detail_dktp_cr?ie=UTF8&amp;adId=A0491846330DWVMW1POXP&amp;url=%2Fdp%2FB00R4BTI3S%3Fpsc%3D1%23customerReviews&amp;qualifier=508058&amp;id=3104556282089492408&amp;widgetName=sp_detail">3</a> </div> <div class="a-row a-color-price"> EUR 104,88&nbsp; <span class="a-size-mini">(EUR 21,85/kg) </span> <span style="position: relative; top: 2px;"> <i class="a-icon a-icon-prime a-icon-small" title="Prime"> <span class="a-icon-alt">Prime</span> </i> </span> </div> </div> </div> </div> <script> P.when('A', 'call-on-visible').execute(function(A) { var offer = A.$("#0WSYMHX46SV2Y1P04DFY_sp_detail_1_2"); if (typeof offer.callOnVisible == "function") { offer.callOnVisible(function () { var img = new Image(); img.src = "http://fls-eu.amazon.com/1/amazon-clicks/1/OP/?requestId=0WSYMHX46SV2Y1P04DFY&childRequestId=0WSYMHX46SV2Y1P04DFY&widgetName=sp_detail&searchResultNumber=1&impressionRankOnAsin=2"; this.setAttribute("id", "0WSYMHX46SV2Y1P04DFY_sp_detail_1_2" + "_sent"); }); } }); </script> </li> <li class="a-carousel-card" role="listitem" style="width:160px;" aria-setsize="16"> <div id="0WSYMHX46SV2Y1P04DFY_sp_detail_1_3" data-asin="B0118X3SC4"> <div class="sp_offerVertical"> <div class="pa_feedbackForm_container_sp_detail" style="display:none"> <div class="sp_adID"> <span id="pa_0WSYMHX46SV2Y1P04DFY_sp_detail_1_3" class="a-declarative" data-action="a-modal" data-a-modal="{&quot;url&quot;:&quot;/gp/sponsored-products/lazyLoad/handler/sp-feedback-handler.html?pl=F7Zr1YQp4pKeeC8GSdBZQyhS8Stjz4Gy5TA8KLpiRTtfhuRS5HotMmJVK%2Fc3W3Api0ldkKIHVg2Se6BBRJwmeShn5qLP8kivqsV%2B6JRcH6AmTeyZ9WBrsNnrZbHU%2FqllDSoWWnQTOkc%2Fw1An%2BUr7ItNEoisr0DNa3lS%2BB2Kx8H1TqaEnOF%2BiJyKivOCrjJuTCRVCDvr0gS%2B7qUnmRHrE3EgRAfrQfZtUaWrTF8wpG71PTU2%2FAshvs8OiTaLpc1ZnwVtax00gUHU%2B%2FrAKQfV9f6tm%2Bwtr7Azxhsxd%2FCxUP5YNbUL8bh6TKofc645QtJT4fiVBDeSKWYAT1o2eZ6gk8sw3T2dk8IfiYbRXD6yxd5gbbZTja81WeyPxXEFadYxeXyUw9FQIHxxO1W9phCv1AYChSEd7rC6B18nMCp030FkVaDwbZH%2BYGhveQxUFzd1tJl8J4ttWwLgwJt05xkMDG41gMTpTw5MUuPPmsqMVl05nYuPMuI%2B3TfwrrQVvZcxvVzcWz9lAVWZCs6oP%2BJMFravfhAbURfObiqqihR8Q10geHMzUMfRf5TiWcWNnxxk%2B6lay%2Bo2ZpQKyHf85FFX0yw%3D%3D&quot;,&quot;name&quot;:&quot;sponsored-products-feedback-modal-sp_detail&quot;,&quot;header&quot;:&quot;Feedback mitteilen&quot;,&quot;footer&quot;:&quot;&lt;div id='sponsored-products-feedback-footer'&gt;&lt;/div&gt;&quot;,&quot;width&quot;:&quot;350&quot;}"> <a class="a-popover-trigger a-declarative">Feedback</a> </span> </div> </div> <div class="sp_dpOffer"> <a href="/gp/slredirect/picassoRedirect.html/ref=dp_sp_detail_2?ie=UTF8&amp;adId=A0260518KQEE0MF4N8U2&amp;url=%2Fdp%2FB0118X3SC4%3Fpsc%3D1&amp;qualifier=508058&amp;id=3104556282089492408&amp;widgetName=sp_detail" title="Hipp 3 Milchnahrung Bio, 4er Pack (4 x 600 g) - Bio" target="_self"> <div class="a-carousel-photo"><img border="0" alt="" src="http://ecx.images-amazon.com/images/I/51dQloba9iL._AC_SR160,160_.jpg"></div> <div data-rows="4" aria-hidden="true" class="sponsored-products-truncator-truncate sponsored-products-truncator-line-clamp-4">Hipp 3 Milchnahrung Bio, 4er Pack (4 x 600 g) - Bio</div> </a> <div class="a-row a-color-price"> EUR 29,88&nbsp; <span class="a-size-mini">(EUR 12,45/kg) </span> <span style="position: relative; top: 2px;"> <i class="a-icon a-icon-prime a-icon-small" title="Prime"> <span class="a-icon-alt">Prime</span> </i> </span> </div> </div> </div> </div> <script> P.when('A', 'call-on-visible').execute(function(A) { var offer = A.$("#0WSYMHX46SV2Y1P04DFY_sp_detail_1_3"); if (typeof offer.callOnVisible == "function") { offer.callOnVisible(function () { var img = new Image(); img.src = "http://fls-eu.amazon.com/1/amazon-clicks/1/OP/?requestId=0WSYMHX46SV2Y1P04DFY&childRequestId=0WSYMHX46SV2Y1P04DFY&widgetName=sp_detail&searchResultNumber=1&impressionRankOnAsin=3"; this.setAttribute("id", "0WSYMHX46SV2Y1P04DFY_sp_detail_1_3" + "_sent"); }); } }); </script> </li> <li class="a-carousel-card" role="listitem" style="width:160px;" aria-setsize="16"> <div id="0WSYMHX46SV2Y1P04DFY_sp_detail_1_4" data-asin="B014O9OR2E"> <div class="sp_offerVertical"> <div class="pa_feedbackForm_container_sp_detail" style="display:none"> <div class="sp_adID"> <span id="pa_0WSYMHX46SV2Y1P04DFY_sp_detail_1_4" class="a-declarative" data-action="a-modal" data-a-modal="{&quot;url&quot;:&quot;/gp/sponsored-products/lazyLoad/handler/sp-feedback-handler.html?pl=J6U4aOrEoKCyECiAhZ9mrffgzpL4nzCb836Q%2FsdAdoNrN4g3EMg3jSza7cQum66ZM6hy9r80r%2Bmr7N6s6CXGQd3xCvCdo5VAUP%2F9RiJZtj9d%2Fml4ClUln1Q0O7j3V%2BUglav5PuMpEaHwMKuTk74djXYdVf851%2BRvPvfXA2U91IkzXSQcMaJTll9CwPHDfpkT6Dqialcdv%2B4TTdfWlgVCN1bNd5IENWMe5guEmb9kifAn6ljL1aiEM5hGgO0i4pZ%2Bz1Z7jKNYb%2BCJuOZYSLXKhyI%2BTaUuHFRtUSRCmdwxukt29ShLHZ2UHYJ08bLNF%2FnUffG7bLvzDTe3zWYoeQLcRsBIhUEvPfaUmDDmnm3zbVN1Md4Ut%2F%2F9LMJRBMPoeXSsIQv6FZHq0G%2BDXLTPeqS83pT3OJfaQfvRV%2BVXzPSRN7OELPIGAm3CYafoaH2cr27oRiUysZWF1pM%2BSwvaiJb4vFyvWbdmWopkG6%2Bu4Rbm%2F%2BPtUD3xTv8v9mnzQuBPVhWyFneUGzVH6mh%2FUCDinaL9mEnHsTj7rzmTIQn4qIvwE%2BnLsh47HL7SXgoMOF5whv26X9a%2B%2F0HZHvAU8R%2FASWyQnfMFBCoNtFBluBDJLV6nqNE%3D&quot;,&quot;name&quot;:&quot;sponsored-products-feedback-modal-sp_detail&quot;,&quot;header&quot;:&quot;Feedback mitteilen&quot;,&quot;footer&quot;:&quot;&lt;div id='sponsored-products-feedback-footer'&gt;&lt;/div&gt;&quot;,&quot;width&quot;:&quot;350&quot;}"> <a class="a-popover-trigger a-declarative">Feedback</a> </span> </div> </div> <div class="sp_dpOffer"> <a href="/gp/slredirect/picassoRedirect.html/ref=dp_sp_detail_3?ie=UTF8&amp;adId=A0271026LS7WN4386DRF&amp;url=%2Fdp%2FB014O9OR2E%3Fpsc%3D1&amp;qualifier=508058&amp;id=3104556282089492408&amp;widgetName=sp_detail" title="HiPP 1 Combiotik Bio-Anfangsmilch von Geburt an, 4er Pack (4 x 500g)" target="_self"> <div class="a-carousel-photo"><img border="0" alt="" src="http://ecx.images-amazon.com/images/I/51eT9CaCnqL._AC_SR160,160_.jpg"></div> <div data-rows="4" aria-hidden="true" class="sponsored-products-truncator-truncate sponsored-products-truncator-line-clamp-4">HiPP 1 Combiotik Bio-Anfangsmilch von Geburt an, 4er Pack (4 x 500g)</div> </a> <div class="a-row a-color-price"> EUR 45,88&nbsp; <span class="a-size-mini">(EUR 22,94/kg) </span> <span style="position: relative; top: 2px;"> <i class="a-icon a-icon-prime a-icon-small" title="Prime"> <span class="a-icon-alt">Prime</span> </i> </span> </div> </div> </div> </div> <script> P.when('A', 'call-on-visible').execute(function(A) { var offer = A.$("#0WSYMHX46SV2Y1P04DFY_sp_detail_1_4"); if (typeof offer.callOnVisible == "function") { offer.callOnVisible(function () { var img = new Image(); img.src = "http://fls-eu.amazon.com/1/amazon-clicks/1/OP/?requestId=0WSYMHX46SV2Y1P04DFY&childRequestId=0WSYMHX46SV2Y1P04DFY&widgetName=sp_detail&searchResultNumber=1&impressionRankOnAsin=4"; this.setAttribute("id", "0WSYMHX46SV2Y1P04DFY_sp_detail_1_4" + "_sent"); }); } }); </script> </li> <li class="a-carousel-card" role="listitem" style="width:160px;" aria-setsize="16"> <div id="0WSYMHX46SV2Y1P04DFY_sp_detail_1_5" data-asin="B00MDW2S12"> <div class="sp_offerVertical"> <div class="pa_feedbackForm_container_sp_detail" style="display:none"> <div class="sp_adID"> <span id="pa_0WSYMHX46SV2Y1P04DFY_sp_detail_1_5" class="a-declarative" data-action="a-modal" data-a-modal="{&quot;url&quot;:&quot;/gp/sponsored-products/lazyLoad/handler/sp-feedback-handler.html?pl=pv%2F10YOJMsWll1ZVmnXhI70AdltkEhlYpX%2BBb1Vzqhzj3O%2Fpc9OLzWnJkiCsODyVtQgGIyxDvJHyu9F%2BQ%2BgOqpTjF9vs%2Ft1ptuqanBrw4ms3PCwtr0IDuV9qpNqZzoRH06%2FTF3wIF89JJXaeZBkiQwCVxKbXRDJp7cqOrzwXKbK0A%2FnrtkAyiecPRu%2F8VSRO4RdZb0eSBWWp9W%2Fdm2zLGEJqPe1RPckTKZO%2BbxexRpvTaho4T%2BqelKwwnoWx88FWwLspSdIyXH1fAeXfjHhQoxhuZmPZNUXb%2BDmhTPLhq8KNbsE3wc3rc8RZZcVH3idEWX0jhtsT7LMliEbnvjEvfPR8DT8i933df6FjhA2VEAL%2ByuZWKY9OVJxeiHaNeiq9to%2FYNZ3sTNNF1AU54pqlHytU3Ecy3f2KlNLcPa5eE%2FCS43ENNDotjEskQ0hJk6y2ZPX39AUPHss9%2BnZlVdYBqWG%2F66fMgd2lLfeQWTjD94EZA0zUa4DAizW%2F0zT%2B8OsFf4AkBU8av%2Fupfu%2Bfxl3vIUxGeYvem0Day4TL81v9t2U%3D&quot;,&quot;name&quot;:&quot;sponsored-products-feedback-modal-sp_detail&quot;,&quot;header&quot;:&quot;Feedback mitteilen&quot;,&quot;footer&quot;:&quot;&lt;div id='sponsored-products-feedback-footer'&gt;&lt;/div&gt;&quot;,&quot;width&quot;:&quot;350&quot;}"> <a class="a-popover-trigger a-declarative">Feedback</a> </span> </div> </div> <div class="sp_dpOffer"> <a href="/gp/slredirect/picassoRedirect.html/ref=dp_sp_detail_4?ie=UTF8&amp;adId=A00573891EZR8VAMY82NV&amp;url=%2Fdp%2FB00MDW2S12%3Fpsc%3D1&amp;qualifier=508058&amp;id=3104556282089492408&amp;widgetName=sp_detail" title="BIO Chia Samen 1 kg" target="_self"> <div class="a-carousel-photo"><img border="0" alt="" src="http://ecx.images-amazon.com/images/I/51yuzJGS62L._AC_SR160,160_.jpg"></div> <div data-rows="4" aria-hidden="true" class="sponsored-products-truncator-truncate sponsored-products-truncator-line-clamp-4">BIO Chia Samen 1 kg</div> </a> <div class="a-icon-row"> <a href="/gp/slredirect/picassoRedirect.html/ref=sp_detail_dktp_cr?ie=UTF8&amp;adId=A00573891EZR8VAMY82NV&amp;url=%2Fdp%2FB00MDW2S12%3Fpsc%3D1%23customerReviews&amp;qualifier=508058&amp;id=3104556282089492408&amp;widgetName=sp_detail"> <i class="a-icon a-icon-star a-star-5" title="4.9 von 5 Sternen"> <span class="a-icon-alt">4.9 von 5 Sternen </span> </i> </a> <a class="a-size-base" href="/gp/slredirect/picassoRedirect.html/ref=sp_detail_dktp_cr?ie=UTF8&amp;adId=A00573891EZR8VAMY82NV&amp;url=%2Fdp%2FB00MDW2S12%3Fpsc%3D1%23customerReviews&amp;qualifier=508058&amp;id=3104556282089492408&amp;widgetName=sp_detail">216</a> </div> <div class="a-row a-color-price"> EUR 10,75&nbsp; <span class="a-size-mini">(EUR 10,75/kg) </span> <span style="position: relative; top: 2px;"> <i class="a-icon a-icon-prime a-icon-small" title="Prime"> <span class="a-icon-alt">Prime</span> </i> </span> </div> </div> </div> </div> <script> P.when('A', 'call-on-visible').execute(function(A) { var offer = A.$("#0WSYMHX46SV2Y1P04DFY_sp_detail_1_5"); if (typeof offer.callOnVisible == "function") { offer.callOnVisible(function () { var img = new Image(); img.src = "http://fls-eu.amazon.com/1/amazon-clicks/1/OP/?requestId=0WSYMHX46SV2Y1P04DFY&childRequestId=0WSYMHX46SV2Y1P04DFY&widgetName=sp_detail&searchResultNumber=1&impressionRankOnAsin=5"; this.setAttribute("id", "0WSYMHX46SV2Y1P04DFY_sp_detail_1_5" + "_sent"); }); } }); </script> </li> <li class="a-carousel-card" role="listitem" style="width:160px;" aria-setsize="16"> <div id="0WSYMHX46SV2Y1P04DFY_sp_detail_1_6" data-asin="B01AEV03X8"> <div class="sp_offerVertical"> <div class="pa_feedbackForm_container_sp_detail" style="display:none"> <div class="sp_adID"> <span id="pa_0WSYMHX46SV2Y1P04DFY_sp_detail_1_6" class="a-declarative" data-action="a-modal" data-a-modal="{&quot;url&quot;:&quot;/gp/sponsored-products/lazyLoad/handler/sp-feedback-handler.html?pl=MbTscrsrP9PNkTVOAHTCvj%2FnvDzrNXWvWSWR9R5WQO3OO6iAwEoLnUFhJAiapUlnVp7IP6lx3ogqYPn4tjrG36deibg1zfov%2FS67%2BgOHo4Dx3h5dLmAPSgq42tvbTEytZfgl%2FhVcbCkbaOQ2z3i1lQqRFGFJ6J1XvOH0poXZiPTQw8ebInKifoPyg1QHYaYhgwKbiIytnxanLwnC3rhHhF1PTBhBeZ88jk2PGXGuJnHvO7btgKHnXvFPt8d1DWpojbs4f3Xlnd7n4yi%2BhgU8ryjhBJwH3Ow4sVtca9gjqP3xtEuu7JC8HNnWlMlBLRXup%2FbQoHPtcqm35TVeEcclK0xMBrlTmzRh64MSJPLACryZhf43IwL1Kc0gmCtHmWYH1wxbi53MrPpMHLPWmzwiRS3Lo2ef8osA30YJDAk7u0pBy375ndlTaM7kjxLvFwVS1l10uuRqI%2BbEg5Y5YUo9%2BvLjRiXfKCLCTnUEIMDBodY1grSck2lsGH3eH87N9XPJSC55cRwRnd2eDO7GxFFOWkg87szVZPTYhAMCq6rL1mZGCr%2FydtQJpoHV26yEPJTGtik37eksFUCFW0fyZkg7wyrt5fBXBI0J&quot;,&quot;name&quot;:&quot;sponsored-products-feedback-modal-sp_detail&quot;,&quot;header&quot;:&quot;Feedback mitteilen&quot;,&quot;footer&quot;:&quot;&lt;div id='sponsored-products-feedback-footer'&gt;&lt;/div&gt;&quot;,&quot;width&quot;:&quot;350&quot;}"> <a class="a-popover-trigger a-declarative">Feedback</a> </span> </div> </div> <div class="sp_dpOffer"> <a href="/gp/slredirect/picassoRedirect.html/ref=dp_sp_detail_5?ie=UTF8&amp;adId=A01871552RXPV5UTB4ILE&amp;url=%2Fdp%2FB01AEV03X8%3Fpsc%3D1%26smid%3DA36JV6A24XVXT4&amp;qualifier=508058&amp;id=3104556282089492408&amp;widgetName=sp_detail" title="Sonnentor Kurkuma-Latte Vanille bio, Dose, 1er Pack (1 x 60 g)" target="_self"> <div class="a-carousel-photo"><img border="0" alt="" src="http://ecx.images-amazon.com/images/I/41K+n21j+8L._AC_SR160,160_.jpg"></div> <div data-rows="4" aria-hidden="true" class="sponsored-products-truncator-truncate sponsored-products-truncator-line-clamp-4">Sonnentor Kurkuma-Latte Vanille bio, Dose, 1er Pack (1 x 60 g)</div> </a> <div class="a-icon-row"> <a href="/gp/slredirect/picassoRedirect.html/ref=sp_detail_dktp_cr?ie=UTF8&amp;adId=A01871552RXPV5UTB4ILE&amp;url=%2Fdp%2FB01AEV03X8%3Fpsc%3D1%26smid%3DA36JV6A24XVXT4%23customerReviews&amp;qualifier=508058&amp;id=3104556282089492408&amp;widgetName=sp_detail"> <i class="a-icon a-icon-star a-star-5" title="5 von 5 Sternen"> <span class="a-icon-alt">5 von 5 Sternen </span> </i> </a> <a class="a-size-base" href="/gp/slredirect/picassoRedirect.html/ref=sp_detail_dktp_cr?ie=UTF8&amp;adId=A01871552RXPV5UTB4ILE&amp;url=%2Fdp%2FB01AEV03X8%3Fpsc%3D1%26smid%3DA36JV6A24XVXT4%23customerReviews&amp;qualifier=508058&amp;id=3104556282089492408&amp;widgetName=sp_detail">1</a> </div> <div class="a-row a-color-price"> EUR 9,99&nbsp; <span class="a-size-mini">(EUR 16,65/100 g) </span> </div> </div> </div> </div> <script> P.when('A', 'call-on-visible').execute(function(A) { var offer = A.$("#0WSYMHX46SV2Y1P04DFY_sp_detail_1_6"); if (typeof offer.callOnVisible == "function") { offer.callOnVisible(function () { var img = new Image(); img.src = "http://fls-eu.amazon.com/1/amazon-clicks/1/OP/?requestId=0WSYMHX46SV2Y1P04DFY&childRequestId=0WSYMHX46SV2Y1P04DFY&widgetName=sp_detail&searchResultNumber=1&impressionRankOnAsin=6"; this.setAttribute("id", "0WSYMHX46SV2Y1P04DFY_sp_detail_1_6" + "_sent"); }); } }); </script> </li> <li class="a-carousel-card" role="listitem" style="width:160px;" aria-setsize="16"> <div id="0WSYMHX46SV2Y1P04DFY_sp_detail_1_7" data-asin="B00ITO3I58"> <div class="sp_offerVertical"> <div class="pa_feedbackForm_container_sp_detail" style="display:none"> <div class="sp_adID"> <span id="pa_0WSYMHX46SV2Y1P04DFY_sp_detail_1_7" class="a-declarative" data-action="a-modal" data-a-modal="{&quot;url&quot;:&quot;/gp/sponsored-products/lazyLoad/handler/sp-feedback-handler.html?pl=JxvHmhjX4qbWy5k8k%2Fhcwbk5hzV%2B1D9c9vxBkiOek5eKZiUc1EllosgIVSdBPmoJx6bMEIDwpNQQhcc%2FpJ%2BdWK83Bf3U7RjnrH45XbJ0%2BjeGhalKWL9sJaYHYY66oWKGWjTk7U3WYridQMDdkgOZd8A%2BTstF%2BRabx05B%2FSoIY%2FVzXasNFMbmPp%2BG7pfPjSuy2mrD7bcNbEZBOoMDLH7Uh1dfCXXeoB7jivVyXDT6InsBrYRpfvbADaqqOCz%2FO97eSoZI0YvJmZizaznz%2Bu8a7Wv5WClEQr4T8mylXNRYdInlsMq8S6xdPMvfjFsJlYKbvAiJPdNht3eJsKFVl5jzPRutAxfD4axAk45vfSWlH6Pzs8N9qlckgzcLY1Aap7JYNmjgNaQHdT%2FQ2CG6Idk4dXhnGc8nubQktPjrir5K5q5oAM4s6jqLaPe2ji5hDlg7ci%2BWJdvSvMr4cwIZroYps4o4ZSTQOQ6FCzuh3ua4PxKUmGvEdrDFtW%2BxA2imiQbVGiRzd8aNqN2bYoujGifBCuvJTNxoiS9AZDXdeKIGMsT8tLQzTxzRvqYOLnTd%2Feg35OnP72punfanr16%2Fnlcnxg%3D%3D&quot;,&quot;name&quot;:&quot;sponsored-products-feedback-modal-sp_detail&quot;,&quot;header&quot;:&quot;Feedback mitteilen&quot;,&quot;footer&quot;:&quot;&lt;div id='sponsored-products-feedback-footer'&gt;&lt;/div&gt;&quot;,&quot;width&quot;:&quot;350&quot;}"> <a class="a-popover-trigger a-declarative">Feedback</a> </span> </div> </div> <div class="sp_dpOffer"> <a href="/gp/slredirect/picassoRedirect.html/ref=dp_sp_detail_6?ie=UTF8&amp;adId=A009503731CN9NFQIFTMX&amp;url=%2Fdp%2FB00ITO3I58%3Fpsc%3D1&amp;qualifier=508058&amp;id=3104556282089492408&amp;widgetName=sp_detail" title="Holle Bio Anfangsmilch &quot;1&quot; 6 x 400 g von Geburt an" target="_self"> <div class="a-carousel-photo"><img border="0" alt="" src="http://ecx.images-amazon.com/images/I/51tTQa75IGL._AC_SR160,160_.jpg"></div> <div data-rows="4" aria-hidden="true" class="sponsored-products-truncator-truncate sponsored-products-truncator-line-clamp-4">Holle Bio Anfangsmilch &quot;1&quot; 6 x 400 g von Geburt an</div> </a> <div class="a-row a-color-price"> EUR 52,04&nbsp; </div> </div> </div> </div> <script> P.when('A', 'call-on-visible').execute(function(A) { var offer = A.$("#0WSYMHX46SV2Y1P04DFY_sp_detail_1_7"); if (typeof offer.callOnVisible == "function") { offer.callOnVisible(function () { var img = new Image(); img.src = "http://fls-eu.amazon.com/1/amazon-clicks/1/OP/?requestId=0WSYMHX46SV2Y1P04DFY&childRequestId=0WSYMHX46SV2Y1P04DFY&widgetName=sp_detail&searchResultNumber=1&impressionRankOnAsin=7"; this.setAttribute("id", "0WSYMHX46SV2Y1P04DFY_sp_detail_1_7" + "_sent"); }); } }); </script> </li> </ol> </div> </div> <div class="a-carousel-col a-carousel-left"> <a class="a-button a-button-image a-carousel-button a-carousel-goto-prevpage" href="#" tabindex="0"> <span class="a-button-inner"> <i class="a-icon a-icon-previous"> <span class="a-icon-alt">Zurück</span> </i> </span> </a> </div> <div class="a-carousel-col a-carousel-right"> <a class="a-button a-button-image a-carousel-button a-carousel-goto-nextpage" href="#" tabindex="0"> <span class="a-button-inner"> <i class="a-icon a-icon-next"> <span class="a-icon-alt">Weiter</span> </i> </span> </a> </div> </div> </div> </div> </div> <div class="SP-Ad-Feedback"> <a href="#sp_detail_feedbackForm" id="sp_detail_feedbackMessage" class="dynamicSPFL">Anzeige-Feedback</a> </div> </div> <script type="text/javascript"> P.when('A', 'a-carousel-framework', 'AmazonClicks').execute(function (A, CF, AC) { CF.getCarousel(document.getElementById("sp_detail")); AC.registerFeedbackEvents("sp_detail_carousel", "sp_detail_feedbackMessage", "Anzeige-Feedback", "Feedback ausblenden", "pa_feedbackForm_container_sp_detail"); }); </script> <img src="http://fls-eu.amazon.com/1/amazon-clicks/1/OP/?requestId=0WSYMHX46SV2Y1P04DFY&amp;childRequestId=0WSYMHX46SV2Y1P04DFY&amp;widgetName=sp_detail" width="1" height="1"/> 











 
 
 


<div id="promotions_feature_div">







<hr class="bucketDivider" noshade="noshade" size="1">
  <div class="bucket" id="quickPromoBucketContent">
    <a id="productPromotions" name="productPromotions"></a>
    <h2>Hinweise und Aktionen</h2>
    




    <div class="disclaim">Größe: <strong>4 x 600g</strong></div>




    
    <div class="content">
      <ul class="qpUL">
        <li><div class="amabot_widget"><span class="hydraBreadCrumbRelatedSearchesTitle"> 

Hinweis zu den <b>Produktdetails und N&auml;hrwertangaben:</b> NRV / Nutrient Reference Values = Prozent der empfohlenen Tagesdosis eines durchschnittlichen Erwachsenen.
 &nbsp;</span></div><br></li><input type="hidden" name="productPromosHidden" id="productPromosHidden" />
      </ul>
      
    </div>
  </div>
    <script type="text/javascript">
      if (typeof showHideElement == 'function') {
        showHideElement('specialOffersHidden', 'specialOffersDiv');
        showHideElement('productPromosHidden', 'heroQuickPromoDiv');
      }
    </script>
</div>


<div id="view-dpv-rich-media_feature_div">







</div>


<div id="product-details-grid_feature_div">


<div id="product-details-grid_feature_div">


    



    















































    















    

	
	

















<hr noshade="noshade" size="1" class="bucketDivider"/>

<div style="overflow:hidden;">
<div id="prodDetails">
<a id="productDetails" name="productDetails"></a>
<noscript><style type='text/css'>
#prodDetails .attrG .pdTab{display:block}
#need-help-deciding{display:none}
#prodDetails .pdSprite{display:none}
#prodDetails .pdSectionSummary{display:none}
#prodDetails #wnsRM{display:none}
#prodDetails #wnsPostData{display:inline}
#prodDetails .expandFeature{display:none}
#prodDetails .collapseFeature{display:none}
</style></noscript>
<h2>Produktinformationen</h2>





    <div class="disclaim">Größe: <strong>4 x 600g</strong></div>




    
<div class="wrapper DElocale">
<div class="container">
  <div class="column col1 ">

      <div class="section techD">
         <div class="secHeader">
           <span>Produktdetails</span>
         </div>
         <div class="content pdClearfix">
     <div class="attrG" style='border:none' >
     <div class="fSec pdSection">
       <div class="pdPM">
         <a onclick="pdTreeSH(this);" href="javascript:void(0)" class="dpSprite pdSpriteMinus pdSprite"><span>Expand</span></a>
       </div>
       <div>
         <a onclick="pdTreeSH(this);" href="javascript:void(0)" class="pdSN">
           <span><strong>Allgemeine Produktinformationen</strong></span>
         </a>
       </div>
     </div>
     <div class="pdTab" style='display:block;'>
     <table cellspacing="0" cellpadding="0" border="0">
     <tbody>
         <tr class="size-weight"><td class="label">Artikelgewicht</td><td class="value">2,4 Kg</td></tr>



         <tr><td class="label">Produktbezeichnung</td><td class="value">Milchgetränk zur besonderen Ernährung von Kleinkindern</td></tr>









<tr class="allergenInformation"><td class="label"><b>Allergene</b></td><td class="value">Enthält: Milch, Sojabohnen, Fische</td></tr>




<tr class="safety-warnings"><td class="label">Warnhinweise</td><td class="value">Kindermilch 1+ ist f&#xFC;r Kinder ab 1 Jahr zum Trinken aus der Tasse oder dem Becher bestimmt.</td></tr>
         <tr><td class="label">Netto-Gewicht</td><td class="value">2.4 Kilogramm</td></tr>
         <tr><td class="label">Aufbewahrung</td><td class="value">Kühl (<25°) und trocken lagern</td></tr>
         <tr><td class="label">Verwendungsbedingungen</td><td class="value">Angebrochenen Innenbeutel innerhalb von 4 Wochen aufbrauchen.</td></tr>




         <tr><td class="label">Servierempfehlung</td><td class="value">Apatmil KinderMILCH 1+ schmeckt warm und kalt. Im Rahmen einer ausgewogenen Ernährung Ihres Kleinkindes wird eine tägliche Trinkmenge von ca. 300 ml MILCH empfohlen.</td></tr>




<tr class="mfgContact"><td class="label">Unternehmenskontakt</td><td class="value">milupa GmbH, 61379 Friedrichsdorf</td></tr>
         <tr><td class="label">Ursprungsland</td><td class="value">Deutschland</td></tr>
         <tr><td class="label">Marke</td><td class="value">Aptamil</td></tr>
         <tr><td class="label">Jahrgang</td><td class="value">NV</td></tr>
         <tr><td class="label">Format</td><td class="value">getrocknet</td></tr>
         <tr><td class="label">Altersstufe</td><td class="value">ab 13. Monat</td></tr>
         <tr><td class="label">Besonderheit</td><td class="value">Glutenfrei, Ohne Konservierungsstoffe, Ohne Farbstoffzusatz, Ohne Zusatz von Aromen, Zöliakie verträglich</td></tr>
         <tr><td class="label">Hersteller/Produzent</td><td class="value">Aptamil</td></tr>
     </tbody>
     </table>
     </div>
     </div>
     <div class="attrG"  >
     <div class=" pdSection">
       <div class="pdPM">
         <a onclick="pdTreeSH(this);" href="javascript:void(0)" class="dpSprite pdSpriteMinus pdSprite"><span>Expand</span></a>
       </div>
       <div>
         <a onclick="pdTreeSH(this);" href="javascript:void(0)" class="pdSN">
           <span><strong>Nährwertangaben</strong></span>
         </a>
       </div>
     </div>
     <div class="pdTab" style='display:block;'>
     <table cellspacing="0" cellpadding="0" border="0">
     <tbody>
         <tr><td class="label">Portionsgröße</td><td class="value">100 Gramm, 100 Gramm</td></tr>
         <tr><td class="label">Energie (kJ)</td><td class="value">1.785 kJ</td></tr>
         <tr><td class="label">Energie (kcal)</td><td class="value">0.426615 kcal</td></tr>
         <tr><td class="label">Fett</td><td class="value">2.2 Gramm</td></tr>
         <tr><td class="label">davon:</td><td class="value"> </td></tr>
         <tr><td class="label"> - Gesättigte Fettsäuren</td><td class="value">0.6 Gramm</td></tr>
         <tr><td class="label"> - Einfach ungesättigte Fettsäuren</td><td class="value">1.2 Gramm</td></tr>
         <tr><td class="label"> - Mehrfach ungesättigte Fettsäuren</td><td class="value">0.4 Gramm</td></tr>
         <tr><td class="label">Kohlenhydrate</td><td class="value">5.1 Gramm</td></tr>
         <tr><td class="label">davon:</td><td class="value"> </td></tr>
         <tr><td class="label"> - Zucker</td><td class="value">43.3 Gramm</td></tr>
         <tr><td class="label">Ballaststoffe</td><td class="value">1.0 Gramm</td></tr>
         <tr><td class="label">Eiweiß</td><td class="value">1.9 Gramm</td></tr>
         <tr><td class="label">Salz</td><td class="value">0.07 Gramm</td></tr>
         <tr><td class="label">Natrium</td><td class="value">232 Milligramm</td></tr>
         <tr><td class="label">Vitamin A</td><td class="value">663 Mikrogramm (82.88% NRV)</td></tr>
         <tr><td class="label">Vitamin D</td><td class="value">26 Mikrogramm (520% NRV)</td></tr>
         <tr><td class="label">Vitamin E</td><td class="value">9.1 Milligramm (75.83% NRV)</td></tr>
         <tr><td class="label">Vitamin K</td><td class="value">47 Mikrogramm (62.67% NRV)</td></tr>
         <tr><td class="label">Vitamin C</td><td class="value">61 Milligramm (76.25% NRV)</td></tr>
         <tr><td class="label">Thiamin</td><td class="value">0.34 Milligramm (30.91% NRV)</td></tr>
         <tr><td class="label">Niacin</td><td class="value">0.85 Milligramm (5.31% NRV)</td></tr>
         <tr><td class="label">Vitamin B6</td><td class="value">0.42 Milligramm (30% NRV)</td></tr>
         <tr><td class="label">Folsäure</td><td class="value">126 Mikrogramm (63% NRV)</td></tr>
         <tr><td class="label">Vitamin B12</td><td class="value">3.8 Mikrogramm (152% NRV)</td></tr>
         <tr><td class="label">Biotin</td><td class="value">14 Mikrogramm (28% NRV)</td></tr>
         <tr><td class="label">Pantothensäure</td><td class="value">3.3 Milligramm (55% NRV)</td></tr>
         <tr><td class="label">Kalium</td><td class="value">1389 Milligramm (69.45% NRV)</td></tr>
         <tr><td class="label">Calcium</td><td class="value">1131 Milligramm (141.38% NRV)</td></tr>
         <tr><td class="label">Phosphor</td><td class="value">949 Milligramm (135.57% NRV)</td></tr>
         <tr><td class="label">Magnesium</td><td class="value">110 Milligramm (29.33% NRV)</td></tr>
         <tr><td class="label">Eisen</td><td class="value">7.6 Milligramm (54.29% NRV)</td></tr>
         <tr><td class="label">Jod</td><td class="value">215 Mikrogramm (143.33% NRV)</td></tr>
<tr><td class="lAttr">&nbsp;</td><td class="lAttr">&nbsp;</td></tr>
     </tbody>
     </table>
     </div>
     </div>
</div>
      </div>

</div>
</div>
  <div class="column col2 ">

      <div class="section techD">
         <div class="secHeader">
           <span>Zusätzliche Produktinformationen</span>
         </div>
         <div class="content pdClearfix">
     <div class="attrG" style='border:none' >
     <div class="pdTab" style='display:block;'>
     <table cellspacing="0" cellpadding="0" border="0">
     <tbody>
         <tr><td class='label'>ASIN</td><td class='value'>B00BSNACII</td></tr>




<tr class="average_customer_reviews">  <td class="label">Durchschnittliche Kundenbewertung</td>  <td class="value"><span class="dpProductDetailB00BSNACII">
  <span class="a-declarative" data-action="a-popover" data-a-popover="{&quot;closeButton&quot;:&quot;false&quot;,&quot;max-width&quot;:&quot;700&quot;,&quot;position&quot;:&quot;triggerBottom&quot;,&quot;url&quot;:&quot;/review/widgets/average-customer-review/popover/ref=acr_dpproductdetail_popover/278-8288477-3349315?ie=UTF8&amp;asin=B00BSNACII&amp;contextId=dpProductDetail&amp;ref=acr_dpproductdetail_popover&quot;}">
    <a href="javascript:void(0)" class="a-popover-trigger a-declarative">
      <a class="a-link-normal a-text-normal" href="http://www.amazon.de/product-reviews/B00BSNACII/ref=acr_dpproductdetail_text/278-8288477-3349315?ie=UTF8&showViewpoints=1">
        <i class="a-icon a-icon-star a-star-4-5"><span class="a-icon-alt">4.5 von 5 Sternen</span></i>
      </a>
    <i class="a-icon a-icon-popover"></i></a>
  </span>
  <span class="a-letter-space"></span>
  <span class="a-size-small">
    <a class="a-link-normal" href="http://www.amazon.de/product-reviews/B00BSNACII/ref=acr_dpproductdetail_text/278-8288477-3349315?ie=UTF8&showViewpoints=1">
      31 Kundenrezensionen
    </a>
  </span>
</span></td></tr>




























<tr id="SalesRank"><td class="label">Amazon Bestseller-Rang</td><td class="value">


















Nr. 1 in Lebensmittel & Getränke (<a href="http://www.amazon.de/gp/bestsellers/grocery/ref=pd_dp_ts_grocery_1/278-8288477-3349315">Siehe Top 100</a>)
 






















<ul class="zg_hrsr">
    <li class="zg_hrsr_item">
    <span class="zg_hrsr_rank">Nr. 1</span>
    <span class="zg_hrsr_ladder">in&nbsp;<a href="http://www.amazon.de/gp/bestsellers/grocery/ref=pd_zg_hrsr_grocery_1_1/278-8288477-3349315">Lebensmittel & Getränke</a> &gt; <a href="http://www.amazon.de/gp/bestsellers/grocery/358555031/ref=pd_zg_hrsr_grocery_1_2/278-8288477-3349315">Babynahrung</a> &gt; <a href="http://www.amazon.de/gp/bestsellers/grocery/364603031/ref=pd_zg_hrsr_grocery_1_3/278-8288477-3349315">Milchnahrung</a> &gt; <a href="http://www.amazon.de/gp/bestsellers/grocery/1386609031/ref=pd_zg_hrsr_grocery_1_4_last/278-8288477-3349315">Kindermilch</a></span>
    </li>
</ul>
</td></tr>






<tr class="shipping-weight"><td class="label">Produktgewicht inkl. Verpackung</td><td class="value">2,9 Kg</td></tr>





<tr><td class="label">Versand:</td><td class="value">Dieser Artikel wird, wenn er von Amazon verkauft und versandt wird, ggfs. auch außerhalb Deutschlands versandt. Näheres erfahren Sie im Bestellvorgang.</td></tr>















<tr class="date-first-available"><td class="label">Im Angebot von Amazon.de seit</td><td class="value">12. März 2013</td></tr>
<tr><td class="lAttr">&nbsp;</td><td class="lAttr">&nbsp;</td></tr>
     </tbody>
     </table>
     </div>
     </div>
</div>
      </div>

      <div class="section techD">
         <div class="secHeader">
           <span>Amazon.de Rückgabegarantie</span>
         </div>
         <div class="content pdClearfix">



<div id="wns">
<strong>Unsere freiwillige Amazon.de Rückgabegarantie:</strong> Unabhängig von Ihrem gesetzlichen Widerrufsrecht können Sie sämtliche Produkte, die von Amazon.de direkt versandt werden, innerhalb von 30 Tagen ab Erhalt der Ware an Amazon.de zurückgeben, sofern die Ware vollständig ist und sich in ungebrauchtem und unbeschädigtem Zustand befindet. Weiteres finden Sie unter <a href=/gp/help/customer/display.html/ref=orc_hp_s_retpol?ie=UTF8&nodeId=504958#Fristen>Rücksendedetails.</a>
    </span>
</div>




</div>
      </div>

      <div class="section techD">
         <div class="secHeader">
           <span>Feedback</span>
         </div>
         <div class="content pdClearfix">
		
	
		
	
		
	
			
			
			

            
            
            
            
            
            
			&nbsp;Möchten Sie <b><a href="https://www.amazon.de/gp/gfix/imageCorrection.html/ref=gfix-product-details-image/278-8288477-3349315?ie=UTF8&ASIN=B00BSNACII&merchantID=A3JWKAKR8XB7XF&storeID=grocery">Feedback zu Bildern geben</a></b> oder uns <b><a href="#" id="ns_0WSYMHX46SV2Y1P04DFY_47_1_hmd_pricing_feedback_trigger_product-details">über einen günstigeren Preis informieren</a></b>?    <script>
    P.now("A","tellMeMoreLinkData").execute(function(A,tellMeMoreLinkData){
        if(typeof tellMeMoreLinkData !== 'undefined'){
            A.state('lowerPricePopoverData',{"trigger":"ns_0WSYMHX46SV2Y1P04DFY_47_1_hmd_pricing_feedback_trigger_product-details","destination":"/gp/pdp/pf/pricingFeedbackForm.html/ref=/278-8288477-3349315?ie=UTF8&ASIN=B00BSNACII&PREFIX=ns_0WSYMHX46SV2Y1P04DFY_47_2_&from=product-details&m=A3JWKAKR8XB7XF&storeID=groceryencodeURI('&originalURI=' + window.location.pathname)","url":"/gp/pdp/pf/pricingFeedbackForm.html/ref=/278-8288477-3349315?ie=UTF8&ASIN=B00BSNACII&PREFIX=ns_0WSYMHX46SV2Y1P04DFY_47_2_&from=product-details&m=A3JWKAKR8XB7XF&storeID=grocery","nsPrefix":"ns_0WSYMHX46SV2Y1P04DFY_47_2_","path":"encodeURI('&originalURI=' + window.location.pathname)","title":"Informieren Sie uns über einen günstigeren Preis"});
            return {
                   key:"pricing-fbW",
                   method: function(){
                                     return {"trigger":"ns_0WSYMHX46SV2Y1P04DFY_47_1_hmd_pricing_feedback_trigger_product-details","destination":"/gp/pdp/pf/pricingFeedbackForm.html/ref=/278-8288477-3349315?ie=UTF8&ASIN=B00BSNACII&PREFIX=ns_0WSYMHX46SV2Y1P04DFY_47_2_&from=product-details&m=A3JWKAKR8XB7XF&storeID=groceryencodeURI('&originalURI=' + window.location.pathname)","url":"/gp/pdp/pf/pricingFeedbackForm.html/ref=/278-8288477-3349315?ie=UTF8&ASIN=B00BSNACII&PREFIX=ns_0WSYMHX46SV2Y1P04DFY_47_2_&from=product-details&m=A3JWKAKR8XB7XF&storeID=grocery","nsPrefix":"ns_0WSYMHX46SV2Y1P04DFY_47_2_","path":"encodeURI('&originalURI=' + window.location.pathname)","title":"Informieren Sie uns über einen günstigeren Preis"};
                                     }
                   }
        }
        else{
                P.when("A").register("tellMeMoreLinkData",function(A){
                    A.state('lowerPricePopoverData',{"trigger":"ns_0WSYMHX46SV2Y1P04DFY_47_1_hmd_pricing_feedback_trigger_product-details","destination":"/gp/pdp/pf/pricingFeedbackForm.html/ref=/278-8288477-3349315?ie=UTF8&ASIN=B00BSNACII&PREFIX=ns_0WSYMHX46SV2Y1P04DFY_47_2_&from=product-details&m=A3JWKAKR8XB7XF&storeID=groceryencodeURI('&originalURI=' + window.location.pathname)","url":"/gp/pdp/pf/pricingFeedbackForm.html/ref=/278-8288477-3349315?ie=UTF8&ASIN=B00BSNACII&PREFIX=ns_0WSYMHX46SV2Y1P04DFY_47_2_&from=product-details&m=A3JWKAKR8XB7XF&storeID=grocery","nsPrefix":"ns_0WSYMHX46SV2Y1P04DFY_47_2_","path":"encodeURI('&originalURI=' + window.location.pathname)","title":"Informieren Sie uns über einen günstigeren Preis"});
                    return {
                           key:"pricing-fbW",
                           method: function(){
                                             return {"trigger":"ns_0WSYMHX46SV2Y1P04DFY_47_1_hmd_pricing_feedback_trigger_product-details","destination":"/gp/pdp/pf/pricingFeedbackForm.html/ref=/278-8288477-3349315?ie=UTF8&ASIN=B00BSNACII&PREFIX=ns_0WSYMHX46SV2Y1P04DFY_47_2_&from=product-details&m=A3JWKAKR8XB7XF&storeID=groceryencodeURI('&originalURI=' + window.location.pathname)","url":"/gp/pdp/pf/pricingFeedbackForm.html/ref=/278-8288477-3349315?ie=UTF8&ASIN=B00BSNACII&PREFIX=ns_0WSYMHX46SV2Y1P04DFY_47_2_&from=product-details&m=A3JWKAKR8XB7XF&storeID=grocery","nsPrefix":"ns_0WSYMHX46SV2Y1P04DFY_47_2_","path":"encodeURI('&originalURI=' + window.location.pathname)","title":"Informieren Sie uns über einen günstigeren Preis"};
                                             }
                           }
			    });
            }
    });
    </script>

</div>
      </div>



</div>
<div style="height:0;clear:left;">&nbsp;</div>
</div>
<script type="text/javascript">
function pdTreeSH(a){
      P.when("jQuery", "ready").execute(function($){
        var $l=$(a).parent().parent();
        $l.parent().children().filter(".pdTab").toggle();
        $l.find(".pdSectionSummary").toggle();
        $l.find(".pdSprite").toggleClass("pdSpritePlus").toggleClass("pdSpriteMinus");
      });
}

function pdToggleSections(a, expand){
      P.when("jQuery", "ready").execute(function($){
       var $l = $(a).parent();
       $l.children().filter(".expandFeature,.collapseFeature").toggle();
       if(expand == 1){
          $l.parent().children().children().children().filter(".pdTab").show();
          $l.parent().children().children().children().children().children().filter(".pdSprite").removeClass("pdSpritePlus").addClass("pdSpriteMinus");
          $l.parent().children().children().children().children().children().children().filter(".pdSectionSummary").hide();
        } else {
          $l.parent().children().children().children().filter(".pdTab").hide();
          $l.parent().children().children().children().children().children().filter(".pdSprite").addClass("pdSpritePlus").removeClass("pdSpriteMinus");
          $l.parent().children().children().children().children().children().children().filter(".pdSectionSummary").show();
        }
     });
}

    P.when("jQuery", "a-popover", "ready").execute(function ($, popover) {
        $("#prodDetails .help").each(function(){
          var $selectedTechAttribute = $(this); 
          var $keyLookUp = $selectedTechAttribute.attr('href');
          var $title = $selectedTechAttribute.html();
          popover.create($selectedTechAttribute, {
            "position": "triggerRight",
            "header": $title,
            "url": $keyLookUp,
            "ajaxFailMsg": 'No help associated with this attribute'
          });
       });
    });

</script>
</div>
</div>


















</div>
</div>


<div id="important-information_feature_div">


<div id="important-information_feature_div">

  
    







<a name="importantInformation"></a>
<div id="importantInformation">
  <hr noshade="true" size="1" class="bucketDivider" />
  <div class="bucket">
    <h2>Wichtige Informationen</h2>
    <div class="content">
<b>Warnhinweise</b><br />Kindermilch 1+ ist f&#xFC;r Kinder ab 1 Jahr zum Trinken aus der Tasse oder dem Becher bestimmt.<br /><br /><b>Haftungsausschluss</b><br />Amazon.de ist nicht Hersteller der auf dieser Internetseite angebotenen Waren, es sei denn, dies wird ausdrücklich angegeben. Die Produktverpackung und zugehörigen Dokumente enthalten möglicherweise Angaben, die über die auf unserer Internetseite gemachten Angaben hinausgehen und/oder sich von ihnen unterscheiden. Wir empfehlen Ihnen daher, sich nicht allein auf die Angaben zu verlassen, die auf unserer Internetseite angezeigt werden, sondern sich vor Gebrauch der Ware stets auch sorgfältig die Etiketten, Warnhinweise und Anleitungen durchzulesen, die mit der Ware geliefert werden. Bitte nehmen Sie nachfolgend auch <a href="#legal-disclaimer">unseren vollständigen Haftungsausschluss</a> zur Kenntnis.    </div>
  </div>
</div>










</div>
</div>


<div id="product-description_feature_div">


<div id="dpx-product-description_feature_div">












        
        
        
        
  




























<div id="biss-product-description-and-details"></div>
<div id="descriptionAndDetails" class="a-section a-spacing-extra-large">
    <div id="productDescription_feature_div" class="feature" data-feature-name="productDescription">




    

    
    
    
        
            
                
	                
	                
	                	



    
    <div id="productDescription_feature_div" data-feature-name="productDescription" data-template-name="productDescription" class="a-row feature">
         
            
            
                <div class="a-divider a-divider-section"><div class="a-divider-inner"></div></div>
               
                 
                 <h2 class="default">Produktbeschreibungen</h2>
                
                
                

            
            
                
                
                  





    <div id="productDescription" class="a-section a-spacing-small">
        





  
    
       
        
          
        <div class="disclaim">
          
            
            
            
             Größe:<strong>4 x 600g</strong>
            
          
          </div>
        
      
    
  


        
        
     
	       
     
                              
     
       	       
        
        <!-- show up to 2 reviews by default --> 
        
        	
        		<h3>Produktbeschreibung</h3>
        	
        	
        		
        			<p><div class="aplus"> <div class="leftImage"><img src="https://images-eu.ssl-images-amazon.com/images/G/03/grocery/Aptamil-Logo.jpg" /></div> <h4></h4> <p></p> <div class="break"></div> <p>&nbsp;</p> <div class="rightImage"><img alt="Aptamil. Heute f&uuml;r Morgen." src="https://images-eu.ssl-images-amazon.com/images/G/03/grocery/AM_Milchglas.jpg" /></div> <h4>Aptamil. Heute f&uuml;r Morgen.</h4> <p>Die Phase ab dem ersten Geburtstag ist f&uuml;r das <strong>Wachstum und die Entwicklung</strong> Ihres Kindes wichtig. Mit der richtigen Ern&auml;hrung unterst&uuml;tzen Sie seine <strong>gesunde Entwicklung</strong> schon heute. Milch spielt hierbei eine wichtige Rolle, da sie essentielle N&auml;hrstoffe enth&auml;lt, die Ihr Kind t&auml;glich ben&ouml;tigt.</p> <p>Daher arbeiten unsere Forscher auf Basis neuester Forschungserkenntnisse und Empfehlungen von Ern&auml;hrungsexperten kontinuierlich an der optimalen Zusammensetzung unserer Kindermilch.</p> <div class="break"></div> <p>&nbsp;</p> <div class="leftImage"><img alt="Entspricht den neuesten Empfehlungen zur Zusammensetzung" src="https://images-eu.ssl-images-amazon.com/images/G/03/grocery/AM_Kimi_Milchtropfen.jpg" /></div> <h4>Entspricht den neuesten Empfehlungen zur Zusammensetzung</h4> <p>Die neue Aptamil Kindermilch ab 1 Jahr folgt in ihrer Zusammensetzung den aktuellen Empfehlungen und ist so optimal auf den N&auml;hrstoffbedarf Ihres Kleinkindes abgestimmt.</p> <div class="break"></div> <p>&nbsp;</p> <div class="rightImage"><img alt="Unsere Rezeptur" src="https://images-eu.ssl-images-amazon.com/images/G/03/grocery/AM_Kimi1_Puzzleteile.jpg" /></div> <h4>Unsere Rezeptur</h4> <p>Die neue Aptamil Kindermilch entspricht den neusten Empfehlungen. Sie enth&auml;lt zur altersgerechten Ern&auml;hrung Ihres Kindes:</p> <ul> <li><strong>Vitamin A, C und D</strong>, die auf nat&uuml;rliche Weise zu einem gesunden Immunsystem beitragen</li> <li><strong>Vitamin D und Calcium</strong> f&uuml;r das normale Wachstum und die Entwicklung der Knochen</li> <li>einen altersgerecht reduzierten <strong>Eiwei&szlig;gehalt</strong></li> <li> patentierte <strong>Prebiotics (GOS/FOS)</strong></li> </ul> So tragen Sie mit der neuen Aptamil Kindermilch schon heute dazu bei, die Grundlage f&uuml;r eine gesunde Zukunft Ihres Kindes zu legen. <p></p> </div>
				    	
					</p>
        		
        		
        	
        
        	
        		<h3>Inhaltsstoffe / Zutaten</h3>
        	
        	
        		
        			<p>MAGERMILCH, Molkenerzeugnis (demineralisierte Molke, Molkenproteinkonzentrat)(aus MILCH), Galactooligosaccharide (aus MILCH), Palm&#xF6;l, Lactose (aus MILCH), Sonnenblumen&#xF6;l, Raps&#xF6;l, Kaliumorthophosphat, Calciumorthophosphat, Fructooligosaccharide, FISCH&#xD6;L,  Magnesiumcitrat, Calciumcarbonat, Emulgator (SOJALECITHIN), Vitamin C, Eisen-II-sulfat, Magnesiumorthophosphat,  Vitamin E,  Vitamin D, Vitamin B12, Pantothens&#xE4;ure, Fols&#xE4;ure, Vitamin A, Vitamn B2, Biotin, Niacin, Vitamin B6, Vitamin B1, Kaliumiodid, Vitamin K
				    	
					</p>
        		
        		
        	
        
                
        
        
            
            <a class="a-link-normal" href="/dp/product-description/B00BSNACII/ref=dp_proddesc_0?ie=UTF8&n=340846031&s=grocery&isInIframe=0">    
            Alle Produktbeschreibungen</a>
        
      
      
    
    </div>

     
        <style type="text/css">
#productDescription {
    font-family: verdana,arial,helvetica,sans-serif;
    color: #333333;
    word-wrap: break-word;
    font-size: small;
    line-height: initial;
    margin: 0.5em 0px 0em 25px;
}

#productDescription_feature_div > h2.default {
    color: #CC6600;
    font-size: medium;
    margin: 0 0 0.25em;
    font-family: verdana,arial,helvetica,sans-serif;
}

#productDescription_feature_div > h2.books {
    color:#333 !important;
    font-size:21px !important;
    line-height: 1.3;
    padding-bottom: 4px;
    font-weight: normal;
    font-family:Arial, sans-serif;
    margin: 0px;
}

#productDescription_feature_div > h2.softlines {
    color:#333 !important; 
    font-size:21px !important;
    line-height: 1.3;
    padding-bottom: 4px;
    font-weight: bold;
    font-family:Arial, sans-serif;
    margin: 0px;
}
#productDescription > p, #productDescription > div, #productDescription > table {
    margin: 0 0 1em 0;
}

#productDescription p {
    margin: 0em 0 1em 1em;
}

#productDescription h3 {
    font-weight: normal;
    color: #333333;
    font-size: 1.23em;
    clear: left;
    margin: 0.75em 0px 0.375em -15px;
}

#productDescription table {
    border-collapse: inherit !important;
    margin-bottom: 0;
}

#productDescription table img {
    max-width: inherit !important;
}

#productDescription table td {
    font-size: small;
    vertical-align: inherit !important;
}

#productDescription ul li {
    margin: 0 0 0 20px;
}

#productDescription ul li ul {
    list-style-type: disc !important;
    margin-left: 20px !important;
}

#productDescription ul ul li {
    list-style-type: disc !important;
    margin-left: 20px !important;
}

#productDescription > ul ul li {
    list-style-type: disc !important;
}   


#productDescription ul li ul li {
    margin: 0 0 0 20px;
}

#productDescription .aplus p {
    margin: 0 0 1em 0;
}

#productDescription small {
    font-size: smaller;
}

#productDescription.prodDescWidth {
	max-width: 1000px
}

</style>

<!-- Used to set table width because AUI is overriding the width attribute of the tables coming in description -->
<script type="text/javascript">
P.when('jQuery').execute(function($){
    $("#productDescription table").each(function() {
        var width = $(this).attr('width');
        if (width) width += 'px';
        else width = 'auto';
        $(this).css('width', width);

        var padding = $(this).attr('cellpadding');
        if (padding) padding += 'px';
        else padding = '0px';
        $(this).css('padding', padding);
    });
});
</script>

    



                
                
            
        
    </div>


	                
                
            
        
        
        
        
        
        
    
    
    

    















    </div>
</div>
</div>
</div>


<div id="dpx-aplus-product-description_feature_div">











        
        
        
        
  















    <div id="aplus_feature_div" class="feature" data-feature-name="aplus">




    

    
    
    
        
        
        
            
                
                    



                
                
            
        
        
        
        
    
    
    

    















    </div>
</div>


    
    
    
     






<div id="cpsia-product-safety-warning_feature_div">
</div>






<div id="dp-out-of-stock-top_feature_div">

    


  


  
  













<div id="dp-out-of-stock-3psl">















<style type="text/css">
#sponsoredLinksCSA {
  clear: both;
  height: 0px;
  overflow: hidden;
  width: 100%;
}
</style>

<div id="sponsoredLinksCSA">
<hr size="1" noshade="noshade" class="bucketDivider"></hr>
<div class="AUI_bucket celwidget" id="AUI_A9AdsMiddleBoxTop">
  <h2 style="display: inline;" id="AUI_A9AdsWidgetAdsTitle">Kunden, die diese Seite anzeigen, sind u.U. an diesen gesponserten Links interessiert.</h2>&nbsp; 
  <span class="AUI_SponsoredLinkSmall" id="AUI_a9whatsthis">(<a onclick="return amz_js_PopWin(this.href,'AmazonHelp','width=450,height=450,resizable=1,scrollbars=1,toolbar=1,status=1');" target="AmazonHelp" href="/gp/ads/whats-this.html">Was ist das?</a>)
  </span>
<div id="AUI_SlDiv_0">
<div id="AUI_A9AdsWidgetAdsWrapper">


<div>
  <table style="margin-top:10px;">
   <tbody>
       <tr>
        <td>
        <iframe id="sponsoredLinksCsaIframe" style="width:100%" title="SponsoredLinks" frameborder="0" marginheight="0" marginwidth="0"
            scrolling="no" allowtransparency="true" width="1" height="1" class="ap_never_hide"></iframe>
        </td>
        </tr>
   </tbody>
  </table> 





</div>

    </div>
  </div>
</div>
</div>
<div style="clear: left;"></div>

<script>

var showSLF;
var slStartTime = new Date().getTime();
var slEndTime;
var jsSlLoaded;
var cfSlLoaded;
var iframeDoc;
var readyCallGoogle;

var a9_3psl_sessionId = "278-8288477-3349315";
var a9_3psl_marketplace = "DE";
var a9_3psl_marketplaceId = "A1PA6795UKMFR9";
var a9_3psl_requestId = "0WSYMHX46SV2Y1P04DFY";
var a9_3psl_method = "Detail";

  
var a9_3psl_fVip = "https://fls-eu.amazon.com";
var a9_3psl_fApiVersion = "1";
var a9_3psl_fChannelId = "a9-sl-requests";
var a9_3psl_fChannelVersion = "2";
var a9_3psl_fAction = "OP";
var a9_3psl_fProgramGroup = "a9-sl";

var sendLoggingRequest = function (metric)
{
   var a9_3psl_fMetrics = metric;
   var a9_3psl_fUrl = [a9_3psl_fVip, a9_3psl_fApiVersion, a9_3psl_fChannelId, a9_3psl_fChannelVersion, a9_3psl_fAction, a9_3psl_fProgramGroup, "action", a9_3psl_fMetrics].join("/");
  
   new Image().src = a9_3psl_fUrl 
            + "?"
            + "marketplaceId=" + encodeURIComponent(a9_3psl_marketplaceId)
            + "&session=" + encodeURIComponent(a9_3psl_sessionId)
            + "&requestId=" + encodeURIComponent(a9_3psl_requestId)
            + "&marketplace=" + encodeURIComponent(a9_3psl_marketplace)
            + "&service=ClientSideSL"
            + "&method=" + a9_3psl_method;
}  

var pageOptions = {
	'pubId': 'amazon-de',
	'query': 'Aptamil Kindermilch 1+ ab 1 Jahr, 4er Pack (4 x 600 g)',
	'domTemplate': 'threeColumnNumbered',
	'cssFileName': 'amazon_bulleted_three_column',
	'channel': 'g-channel-47+g-channel-58',
	'adIconUrl': 'http://afs.googleusercontent.com/amazon/icon-offsite-sl-7069-t4._V171196157_.png',
	'linkTarget': '_blank',
	'hl': 'de',
	'gl': 'de',
	'adtest': 'off',
	'adPage': 1,
	'referrer': ''
}; 
var adblock1 = {
	'container': 'sponsoredLinksContent',
	'number': 4,
	'clicktrackUrl': 'http://rd-eu.a9.com/srv/redirect/?info=AJgL.uGbhDtxpG6FHJg9D8zgii2lTI6wlRUNfyIu3wFb6KmNF2KvxOta8N3ZRwUQylQXkZ-7vfaCsPmb2rhP.qsnkEbFGwhV-TILUQPBNS.T7-T3-4qlZ4uhLh3-6PYi6JisrIHyAXtftOg-F0bbEbPlMBH35yAm2LBgRG.OLa7tVFrJma8LSlUSN5O2e1o-ymAQ9Cj87eXiWVSaYggJpD3XALVVr8L3YpkaW9pu8d3Zw63LlBnTaV6FCXsWg6Ozkb0YUhwZbd3ZeBupWEzgYXLyYAqbsGeVc9OvVSuxiMzvecRQKdKq2YGDAn.VSF3EzYcXILZROr0gojsd8hP2nr53OEvpVNz0tQ__&awt=1&s='
};

var handleSLSize = function(hSl) {
  if(hSl <= 0) {return;}
  document.getElementById("sponsoredLinksCSA").style.height='auto';
  document.getElementById("sponsoredLinksCSA").style.overflow='visible';
  document.getElementById("sponsoredLinksCsaIframe").height= hSl;
}

var handleLoadedSL = function(visUrls) {
  var adsLoaded = visUrls.length;
  slEndTime = new Date().getTime();
  var getTime = slEndTime - slStartTime;

  var requestId = "0WSYMHX46SV2Y1P04DFY";
  var requestTag = "6Nj5LdB+1dto66oJ";
  var sessionId = "278-8288477-3349315";
  var marketplace = "DE";
  var marketplaceId = "A1PA6795UKMFR9";
  var method = "Detail";
  
  var fVip = "https://fls-eu.amazon.com";
  var fApiVersion = "1";
  var fChannelId = "a9-sl-requests";
  var fChannelVersion = "1";
  var fAction = "OP";
  var fProgramGroup = "a9-sl";
  
  var jsLoadedTime = jsSlLoaded - slStartTime;
  var csaGet = slEndTime - jsSlLoaded;
  var cfTime = cfSlLoaded - slStartTime;
  var readyCallGoogleTime = readyCallGoogle - slStartTime;
  
  var fMetrics = "time_elapsed_csa_:total@v=" + getTime
    + ",jsLoaded@v=" + jsLoadedTime
    + ",cfLoaded@v=" + cfTime
    + ",readyCallGoogle@v=" + readyCallGoogleTime
    + ",GET@v=" + csaGet + ":u=ms";
    
  var fUrl = [fVip, fApiVersion, fChannelId, fChannelVersion, fAction, fProgramGroup, "action", fMetrics].join("/");

  var visUrlsPlaceHolder = [];
  for( var i = 1; i <= visUrls.length; i++)
  {
     visUrlsPlaceHolder.push("visUrl" + i);    
  }
  
  new Image().src = fUrl 
      + "?" 
      + "marketplaceId=" + encodeURIComponent(marketplaceId)
      + "&session=" + encodeURIComponent(sessionId)
      + "&requestId=" + encodeURIComponent(requestId)
      + "&marketplace=" + encodeURIComponent(marketplace)
      + "&requestTag=" + encodeURIComponent(requestTag)
      + "&service=ClientSideSL"
      + "&adsLoaded=" + encodeURIComponent(adsLoaded)
      + "&method=" + encodeURIComponent(method)
      + "&visUrls=" + encodeURIComponent(visUrlsPlaceHolder)
      + "&logType=impression";
  
};

var slAdsArgs = {
	"adProperties": adblock1, 
	"pageOptions": pageOptions, 
	"operation": "showSLAds"
};

function initSLFrame() {

		cfSlLoaded = new Date().getTime();
		
		var two_column_format_threshold = 1180; 
		browserWidth = window.innerWidth || document.body.clientWidth;
		var isTwoColumn = 0;
		if ( browserWidth && browserWidth < two_column_format_threshold )
		{
		    pageOptions['domTemplate'] = 'twoColumnBulleted';
		    isTwoColumn = 1;
		}
		
		if ( 'false' == 'true' )
		{
		    if (isTwoColumn)
		    {
		         pageOptions['cssFileName'] = 'amazon_grey_bulleted_two_column';
		    }
		    else
		    {
		         pageOptions['cssFileName'] = 'amazon_numbered_three_column_for_non_Search';		    
		    }
		} else{
		    if (isTwoColumn)
		    {
		         pageOptions['cssFileName'] = 'amazon_bulleted_two_column';
		    }
		    else
		    {
		         pageOptions['cssFileName'] = 'amazon_numbered_three_column_for_non_Search';		    
		    }
		
		}
		
		var slIframeElem = document.getElementById("sponsoredLinksCsaIframe");
		if(slIframeElem) {
			slIframeElem.contentWindow.postMessage(JSON.stringify(slAdsArgs), "https://d14qd3he45186l.cloudfront.net");
		}
}


var emitSLFeedbackForm = function(visUrls) {};

var processSLIframeMessage = function(event) {
 try{
	if(event.origin != 'https://d14qd3he45186l.cloudfront.net') {
		return;
	}
	var slMessage = JSON.parse(event.data);
	if(slMessage.operation == 'adsReturned') {
		handleLoadedSL(slMessage.visUrls);
		emitSLFeedbackForm(slMessage.visUrls);
	} else if(slMessage.operation == 'jsLoaded') {
		jsSlLoaded = new Date().getTime();
		readyCallGoogle = slMessage.readyCallGoogle;
	} else if(slMessage.operation == 'resize') {
		handleSLSize(slMessage.height);
	} else if(slMessage.operation == 'initializeFrame') {
		initSLFrame();
	}
  }
  catch(e)
  {
  }
}

if(typeof registeredSLEventListener == 'undefined') {
	var registeredSLEventListener = 1;
	if(window.addEventListener) {
		window.addEventListener("message", processSLIframeMessage, false);
	} else {
		window.attachEvent("onmessage", processSLIframeMessage);
	}
}

var sponsoredlinks_isPlacementChose = 0;

P.when('jQuery','cf').execute(function($) {

   	  if (sponsoredlinks_isPlacementChose)
   	  {
   	  	  return;
   	  }
   	  
   	  var topElem = document.getElementById("dp-out-of-stock-3psl");
   	  var bottomElem = document.getElementById("dp-ads-middle-3psl");
   	  
   	  
   	  if ( !bottomElem || !topElem )
   	  {
   	     return;
   	  }
 
   	  
   	  var topYPosition = $('#dp-out-of-stock-3psl').offset().top;
   	  var screenY = $(window).height();;
   	  
   	  
   	  if ( topYPosition <= screenY )
   	  {
   	      $('#dp-out-of-stock-3psl').empty();
   	      
     	  sendLoggingRequest("js_csa_:change_placement@v=1");
   	  }else{
   	  	  $('#dp-ads-middle-3psl').empty();
   	  }

      sendLoggingRequest("js_csa_:high_placement_request@v=1");   	     	  
      sponsoredlinks_isPlacementChose = 1;      
      
   	  var slIframeElem = document.getElementById("sponsoredLinksCsaIframe");
	
	  if(slIframeElem) {
    	  slIframeElem.src="https://d14qd3he45186l.cloudfront.net/ads-search32.html";
	  }
});

 
</script>

</div>

</div>



  
  
  
  

  
  <style> .sp-dp-ellipsis { overflow: hidden; white-space: normal; } .sp-dp-offer-title { max-height: 76px; } .sp-dp-author { max-height: 17px; } </style> <hr size="1" noshade="noshade" class="bucketDivider"> <div id="sponsored-products-dp_feature_div" style="overflow:hidden;"> <div class="a-section a-spacing-none a-row"> <div id="sp_detail2" data-a-display-strategy="swap" data-a-transition-strategy="swap" data-a-ajax-strategy="clicksCustomAjax" data-a-carousel-options='{"name":"sp_detail2_carousel", "initialSeenAsins":"\"B013P1445C\",\"B0118X3SC4\",\"B01G2F7XYM\",\"B00KDFB4LG\",\"B015B1BWTA\",\"B00R4996YQ\",\"B00Y127RPO\"" , "circular":false, "auto_adjust_height":true, "ajax":{"params":{&quot;ASIN&quot;:&quot;B00BSNACII&quot;,&quot;ie&quot;:&quot;UTF8&quot;,&quot;searchTerms&quot;:&quot;&quot;,&quot;searchIndex&quot;:&quot;&quot;,&quot;referringSearchEngine&quot;:&quot;&quot;,&quot;wName&quot;:&quot;sp_detail2&quot;,&quot;pRID&quot;:&quot;0WSYMHX46SV2Y1P04DFY&quot;,&quot;start&quot;:&quot;7&quot;,&quot;cc&quot;:&quot;7&quot;}, "url":"/gp/nemo/spd/handlers/spd-shov.html"}, "set_size":"8"}' class="a-carousel-container a-carousel-display-swap a-carousel-transition-swap"> <form class="a-carousel-state" action="#" method="get"><input autocomplete="on" type="hidden" name="firstVisibleItem" class="a-carousel-firstvisibleitem"></form> <div class="a-row a-carousel-header-row a-size-large pa_componentTitleTest"> <div class="a-column a-span8"> <h2 class="a-carousel-heading"> Gesponserte Produkte zu diesem Artikel <a class='a-size-base a-text-normal a-declarative' data-action='a-popover' data-a-popover='{"name":"sponsored-products-related", "position":"triggerBottom", "activate":"onclick"}' href='javascript:void(0)'> (Was ist das?) </a> </h2> </div> <div class="a-column a-span4 a-span-last a-text-right"> <span class="a-carousel-pagination a-size-base"> <span class="a-carousel-page-count"> Seite <span class="a-carousel-page-current"> 1 </span> von <span class="a-carousel-page-max"> 1 </span> </span> <span class="a-carousel-restart-container"> <span class="a-text-separator"></span> <a class="a-carousel-restart" href="#">Zum Anfang</a> </span> </span> </div> </div> <div class="a-popover-content a-popover-preload" id="a-popover-sponsored-products-related"> <p> Gesponserte Produkte sind Anzeigen für Produkte, die von Händlern auf Amazon.de verkauft werden. Wenn Sie auf eine Anzeige für ein Gesponsertes Produkt klicken, werden Sie zu einem Amazon Detailseite gebracht, wo Sie mehr über das Produkt erfahren und es kaufen können. </p> <p> Weitere Informationen über Amazon Gesponserte Produkte, <a class="a-link-normal" target="_blank" href="http://services.amazon.de/programme/gesponserte-produkte/so-funktionierts.html?ld=AZDESPWhatsThis">klicken Sie hier</a>. <p> </div> <div class="a-row a-carousel-controls a-carousel-row a-carousel-has-buttons"> <div class="a-carousel-row-inner"> <div class="a-carousel-col a-carousel-center"> <div class="a-carousel-viewport"> <ol class="a-carousel" aria-live="assertive" role="list"> <li class="a-carousel-card" role="listitem" style="width:160px;" aria-setsize="8"> <div id="0WSYMHX46SV2Y1P04DFY_sp_detail2_1_1" data-asin="B013P1445C"> <div class="sp_offerVertical"> <div class="pa_feedbackForm_container_sp_detail2" style="display:none"> <div class="sp_adID"> <span id="pa_0WSYMHX46SV2Y1P04DFY_sp_detail2_1_1" class="a-declarative" data-action="a-modal" data-a-modal="{&quot;url&quot;:&quot;/gp/sponsored-products/lazyLoad/handler/sp-feedback-handler.html?pl=jWxAz%2FTZ5LlAFz%2B%2BvKDY%2B1KN4yz7vTU%2Bl5lcioVrbOWCpYjcORzfiMGMHR1cJsblUHgXuMt%2BKqvYfrjczsXjQOSEuh3ZuO8NHKBHbaWudbMbJFl8AZc6PRyREoijD%2F%2FBYsaxFb%2BbC5rvWZMYBV017miW5IFS8Yuq6tWugB3262PS%2FmE6h04c37AMGvzCJtQ4ueZWQ9h81NjB%2FWqFLLH3t10PgPhKYoOk4dKPL%2BtnKGHcf4pWANPsrwGYkV87j6o3MnwK7WFRwbdi08rAYGFUteeJ2BaLkZpQiG1K7YivYzURNgH6GFifTDtNwECehLVZfAg3hujmks9qlEhnQK4Zzux4iS1rKHGwNUnXkXbxLmaz7Hkg0iTChhbVafjFlO3wo1MLb2ja896pk6n7R5gd9HkqQG4I5Pw%2FLTl0yocn4HUK6AAa5XL2u6q3xTUgk5DPQng%2FBm5dKO3%2FGYHdeKCQSc0NKAWDWhWUFtCNnuFDXLWENRI1%2FWvYM%2B61Lu13wfTmBYUUC3bmZ82PsxjkW%2BSN8aX5WaIKRfTiHOrcHnRmVu%2FSuY7fVbssudXgDHqdCwYjCU6aPHuZJ9FSuiZJJkosE56lu1TAh4gh8ao6rEI8uQgvkNgsNGJe6A%3D%3D&quot;,&quot;name&quot;:&quot;sponsored-products-feedback-modal-sp_detail2&quot;,&quot;header&quot;:&quot;Feedback mitteilen&quot;,&quot;footer&quot;:&quot;&lt;div id='sponsored-products-feedback-footer'&gt;&lt;/div&gt;&quot;,&quot;width&quot;:&quot;350&quot;}"> <a class="a-popover-trigger a-declarative">Feedback</a> </span> </div> </div> <div class="sp_dpOffer"> <a href="/gp/slredirect/picassoRedirect.html/ref=dp_sp_detail2_0?ie=UTF8&amp;adId=A05515091YV5KI92R0XC1&amp;url=%2Fdp%2FB013P1445C%3Fpsc%3D1&amp;qualifier=508058&amp;id=8592720647186572924&amp;widgetName=sp_detail2" title="Aptamil Kinder-Milch Junior 1+ ab dem 12. Monat, 10er Pack (10 x 800g)" target="_self"> <div class="a-carousel-photo"><img border="0" alt="" src="http://ecx.images-amazon.com/images/I/51AldmlYRoL._AC_SR160,160_.jpg"></div> <div data-rows="4" aria-hidden="true" class="sponsored-products-truncator-truncate sponsored-products-truncator-line-clamp-4">Aptamil Kinder-Milch Junior 1+ ab dem 12. Monat, 10er Pack (10 x 800g)</div> </a> <div class="a-icon-row"> <a href="/gp/slredirect/picassoRedirect.html/ref=sp_detail2_dktp_cr?ie=UTF8&amp;adId=A05515091YV5KI92R0XC1&amp;url=%2Fdp%2FB013P1445C%3Fpsc%3D1%23customerReviews&amp;qualifier=508058&amp;id=8592720647186572924&amp;widgetName=sp_detail2"> <i class="a-icon a-icon-star a-star-5" title="5 von 5 Sternen"> <span class="a-icon-alt">5 von 5 Sternen </span> </i> </a> <a class="a-size-base" href="/gp/slredirect/picassoRedirect.html/ref=sp_detail2_dktp_cr?ie=UTF8&amp;adId=A05515091YV5KI92R0XC1&amp;url=%2Fdp%2FB013P1445C%3Fpsc%3D1%23customerReviews&amp;qualifier=508058&amp;id=8592720647186572924&amp;widgetName=sp_detail2">6</a> </div> <div class="a-row a-color-price"> EUR 174,89&nbsp; <span class="a-size-mini">(EUR 21,86/kg) </span> </div> </div> </div> </div> <script> P.when('A', 'call-on-visible').execute(function(A) { var offer = A.$("#0WSYMHX46SV2Y1P04DFY_sp_detail2_1_1"); if (typeof offer.callOnVisible == "function") { offer.callOnVisible(function () { var img = new Image(); img.src = "http://fls-eu.amazon.com/1/amazon-clicks/1/OP/?requestId=0WSYMHX46SV2Y1P04DFY&childRequestId=0WSYMHX46SV2Y1P04DFY&widgetName=sp_detail2&searchResultNumber=1&impressionRankOnAsin=1"; this.setAttribute("id", "0WSYMHX46SV2Y1P04DFY_sp_detail2_1_1" + "_sent"); }); } }); </script> </li> <li class="a-carousel-card" role="listitem" style="width:160px;" aria-setsize="8"> <div id="0WSYMHX46SV2Y1P04DFY_sp_detail2_1_2" data-asin="B0118X3SC4"> <div class="sp_offerVertical"> <div class="pa_feedbackForm_container_sp_detail2" style="display:none"> <div class="sp_adID"> <span id="pa_0WSYMHX46SV2Y1P04DFY_sp_detail2_1_2" class="a-declarative" data-action="a-modal" data-a-modal="{&quot;url&quot;:&quot;/gp/sponsored-products/lazyLoad/handler/sp-feedback-handler.html?pl=kWzf8fKnT1Dnc74CrmkWotlUA4rmh%2Fc79bU43ivnVOxqfHG3%2B7LhcmfY1jIXPGW321yUPhT8wKPcQssLCMYNYk07k59F4u7sZRmP8VTg%2BiLHpezUAM3qSTR0vi2oGkFQf%2F%2BMXPriD7oBiuX%2B9tmf%2BC3hS7Yd7s4nLmOc2tez5URK2WJTKwTo%2FiRyyY4Yc0SGS6ffHzbQ40N8qhXzbBX%2Bg71%2FShmZ0hTn%2BvZyy%2Fqy8VNRxwv6UCUfs9lkw2I3zwqQmq58QmIIDifdW4qrPJgKuxnP3BB3yUxw4ijxFkCrxFRH9LoHTwRrnxNo9u09H9WSUieDE%2BOw%2BV%2BQ9vvhD1sC4jvUf2IKeYbj%2BWQEpNx04ibIKiJIvI8WGhSX01apQtSA7XvdM%2FR5RSjnmOvJeGP05FBfn64VPJgWbHO03rkV7i6SIOnQymiXjpdIzMTJ8UWZuhIl33doTQkoB8CfspbQoLEyQFixopaNoEEsn3DxI6vNucKN98l2fngn%2FeGE4aLMYVSWh8X3%2Bo5ASgvBCZz51OWIlLKzFhDRvmtJ9asoLHAjHdbsMAKLxnhK0pc0dTV0EQhruwcqBiryUbVYvMst6g%3D%3D&quot;,&quot;name&quot;:&quot;sponsored-products-feedback-modal-sp_detail2&quot;,&quot;header&quot;:&quot;Feedback mitteilen&quot;,&quot;footer&quot;:&quot;&lt;div id='sponsored-products-feedback-footer'&gt;&lt;/div&gt;&quot;,&quot;width&quot;:&quot;350&quot;}"> <a class="a-popover-trigger a-declarative">Feedback</a> </span> </div> </div> <div class="sp_dpOffer"> <a href="/gp/slredirect/picassoRedirect.html/ref=dp_sp_detail2_1?ie=UTF8&amp;adId=A0260518KQEE0MF4N8U2&amp;url=%2Fdp%2FB0118X3SC4%3Fpsc%3D1&amp;qualifier=508058&amp;id=8592720647186572924&amp;widgetName=sp_detail2" title="Hipp 3 Milchnahrung Bio, 4er Pack (4 x 600 g) - Bio" target="_self"> <div class="a-carousel-photo"><img border="0" alt="" src="http://ecx.images-amazon.com/images/I/51dQloba9iL._AC_SR160,160_.jpg"></div> <div data-rows="4" aria-hidden="true" class="sponsored-products-truncator-truncate sponsored-products-truncator-line-clamp-4">Hipp 3 Milchnahrung Bio, 4er Pack (4 x 600 g) - Bio</div> </a> <div class="a-row a-color-price"> EUR 29,88&nbsp; <span class="a-size-mini">(EUR 12,45/kg) </span> <span style="position: relative; top: 2px;"> <i class="a-icon a-icon-prime a-icon-small" title="Prime"> <span class="a-icon-alt">Prime</span> </i> </span> </div> </div> </div> </div> <script> P.when('A', 'call-on-visible').execute(function(A) { var offer = A.$("#0WSYMHX46SV2Y1P04DFY_sp_detail2_1_2"); if (typeof offer.callOnVisible == "function") { offer.callOnVisible(function () { var img = new Image(); img.src = "http://fls-eu.amazon.com/1/amazon-clicks/1/OP/?requestId=0WSYMHX46SV2Y1P04DFY&childRequestId=0WSYMHX46SV2Y1P04DFY&widgetName=sp_detail2&searchResultNumber=1&impressionRankOnAsin=2"; this.setAttribute("id", "0WSYMHX46SV2Y1P04DFY_sp_detail2_1_2" + "_sent"); }); } }); </script> </li> <li class="a-carousel-card" role="listitem" style="width:160px;" aria-setsize="8"> <div id="0WSYMHX46SV2Y1P04DFY_sp_detail2_1_3" data-asin="B01G2F7XYM"> <div class="sp_offerVertical"> <div class="pa_feedbackForm_container_sp_detail2" style="display:none"> <div class="sp_adID"> <span id="pa_0WSYMHX46SV2Y1P04DFY_sp_detail2_1_3" class="a-declarative" data-action="a-modal" data-a-modal="{&quot;url&quot;:&quot;/gp/sponsored-products/lazyLoad/handler/sp-feedback-handler.html?pl=3NVMJmuFBK7wql4koujQRNA%2FZRHzNhHnxcxXtK8mt3TCyM4gKcf%2Bayjdu1kklF26AhrKCjUtk%2B3%2F5%2FO1iA0It3X0SLhqRtM1%2Fi2ngbPxYI%2FHHumpJxJtB5vYyu1YRRPb8oAYOMEVJCPzpMPusOElOwrhIWFfdraR37tWReI5sxudzZ1bYey2emhj7T3uojD3foYITh0gwI3QBW02mW11o0UHXqkwuh5OL7so%2F0bZZKJh%2F28JAzFzjmGx9Kxgl2frkqOOlVUbtZIn52O9Bn3al8%2FdSM5v%2BWMD8aRukQefzigAr9X1z1JHUIfdwi%2BxpoSVGUDutYtMQx%2FtWZdUh6KtJHN6O7CydT5j%2BBLAmSZKTrVRy8%2FbT%2BwURUYqmRjK2anq0yqf1IvclpjtIpOxYok81hQrntKWE0UNg9T38U8onv%2FOE3bKr0Y%2F63AvfqJ7mxYK2vGq1kfygHYK7n31moALsmZbUAMtXU31a9d5SFdhECF1ajSZyh%2By%2FH47zsnU3vwf5muuxBVKsfbBmcNFaMSQuoI2d0emeXtb6MEbU87P9YS9cuBXOKCQHwZkX5J3rC6qwfuLDK1E7%2F70jWaWY%2FwbZf6uJzEKGZ3q&quot;,&quot;name&quot;:&quot;sponsored-products-feedback-modal-sp_detail2&quot;,&quot;header&quot;:&quot;Feedback mitteilen&quot;,&quot;footer&quot;:&quot;&lt;div id='sponsored-products-feedback-footer'&gt;&lt;/div&gt;&quot;,&quot;width&quot;:&quot;350&quot;}"> <a class="a-popover-trigger a-declarative">Feedback</a> </span> </div> </div> <div class="sp_dpOffer"> <a href="/gp/slredirect/picassoRedirect.html/ref=dp_sp_detail2_2?ie=UTF8&amp;adId=A10372942VQ5PF3EWLE6T&amp;url=%2Fdp%2FB01G2F7XYM%3Fpsc%3D1&amp;qualifier=508058&amp;id=8592720647186572924&amp;widgetName=sp_detail2" title="Aptamil 2 Folgemilch mit Pronutra A, 4er Pack (4 x 800g)" target="_self"> <div class="a-carousel-photo"><img border="0" alt="" src="http://ecx.images-amazon.com/images/I/51DADQb7HxL._AC_SR160,160_.jpg"></div> <div data-rows="4" aria-hidden="true" class="sponsored-products-truncator-truncate sponsored-products-truncator-line-clamp-4">Aptamil 2 Folgemilch mit Pronutra A, 4er Pack (4 x 800g)</div> </a> <div class="a-icon-row"> <a href="/gp/slredirect/picassoRedirect.html/ref=sp_detail2_dktp_cr?ie=UTF8&amp;adId=A10372942VQ5PF3EWLE6T&amp;url=%2Fdp%2FB01G2F7XYM%3Fpsc%3D1%23customerReviews&amp;qualifier=508058&amp;id=8592720647186572924&amp;widgetName=sp_detail2"> <i class="a-icon a-icon-star a-star-5" title="5 von 5 Sternen"> <span class="a-icon-alt">5 von 5 Sternen </span> </i> </a> <a class="a-size-base" href="/gp/slredirect/picassoRedirect.html/ref=sp_detail2_dktp_cr?ie=UTF8&amp;adId=A10372942VQ5PF3EWLE6T&amp;url=%2Fdp%2FB01G2F7XYM%3Fpsc%3D1%23customerReviews&amp;qualifier=508058&amp;id=8592720647186572924&amp;widgetName=sp_detail2">3</a> </div> <div class="a-row a-color-price"> EUR 74,88&nbsp; <span class="a-size-mini">(EUR 23,40/kg) </span> </div> </div> </div> </div> <script> P.when('A', 'call-on-visible').execute(function(A) { var offer = A.$("#0WSYMHX46SV2Y1P04DFY_sp_detail2_1_3"); if (typeof offer.callOnVisible == "function") { offer.callOnVisible(function () { var img = new Image(); img.src = "http://fls-eu.amazon.com/1/amazon-clicks/1/OP/?requestId=0WSYMHX46SV2Y1P04DFY&childRequestId=0WSYMHX46SV2Y1P04DFY&widgetName=sp_detail2&searchResultNumber=1&impressionRankOnAsin=3"; this.setAttribute("id", "0WSYMHX46SV2Y1P04DFY_sp_detail2_1_3" + "_sent"); }); } }); </script> </li> <li class="a-carousel-card" role="listitem" style="width:160px;" aria-setsize="8"> <div id="0WSYMHX46SV2Y1P04DFY_sp_detail2_1_4" data-asin="B00KDFB4LG"> <div class="sp_offerVertical"> <div class="pa_feedbackForm_container_sp_detail2" style="display:none"> <div class="sp_adID"> <span id="pa_0WSYMHX46SV2Y1P04DFY_sp_detail2_1_4" class="a-declarative" data-action="a-modal" data-a-modal="{&quot;url&quot;:&quot;/gp/sponsored-products/lazyLoad/handler/sp-feedback-handler.html?pl=wNgMZb6S4Qdn6mVEN45Ep67CcZbuFmvp2yzjub78w3BJl7Vl5jPCx%2BW7oxR2j83Suv%2FTTtPMP09d54fdnCI%2FSTabUl39GWGejG7tqeTye%2BHrmCrXxrYbGB4mwTFXMDpqylIkmA4KIRz%2BYBD3FF44YOUxzzgiImYyhFQBa0Ew8JO%2F5Qt1XY22jFUClPolTv5J3HRVDrBRo5fPaqUIHpKlSxCDQvBZGnhCTduQ8Gu4SnfHl3JVALXGWufnV9fMfwhA6Hnw3mGCxeIPNBZWzaWSFLUBNbKES5Kx5sQ8PKTYWcdDHwdWYZ7Gur7rpm3bJFbGblbNjAhWrEXGt99bR4QJlZ9p9rdApS4sghS7DqMhJDRut%2Fvvj6VhaSi9ru%2B9RmCtO7hN6V0jg17DnEcJTmKuaqZ0KsziKQUIHWu%2Fk%2F9LDB4s2ofV0YtfIOTNZUDLPcaNsixoijHM4pGj2fRJ%2BUATtXS6W%2FfWraOoKty8MNliY%2FESTcZjbjgD11%2FSGtOJBpvunvxvcpx1ICzZfQ%2FduSRw7NrhzqR7T%2FzlKazI7wpNVZxdd9NM09OygRs2%2Bg0%2FkDN%2F%2BFefcxDHlnTQmGD2s%2FiL9%2BX1%2Bwg9Mf3ey7hmIcWA0Qs%3D&quot;,&quot;name&quot;:&quot;sponsored-products-feedback-modal-sp_detail2&quot;,&quot;header&quot;:&quot;Feedback mitteilen&quot;,&quot;footer&quot;:&quot;&lt;div id='sponsored-products-feedback-footer'&gt;&lt;/div&gt;&quot;,&quot;width&quot;:&quot;350&quot;}"> <a class="a-popover-trigger a-declarative">Feedback</a> </span> </div> </div> <div class="sp_dpOffer"> <a href="/gp/slredirect/picassoRedirect.html/ref=dp_sp_detail2_3?ie=UTF8&amp;adId=A03608483JIVYDB10AS7N&amp;url=%2Fdp%2FB00KDFB4LG%3Fpsc%3D1%26smid%3DA19GXCM6XB2JP7&amp;qualifier=508058&amp;id=8592720647186572924&amp;widgetName=sp_detail2" title="Aptamil Kinder-Milch Junior 2+ ab dem 2. Jahr, 6er Pack (6 x 800g)" target="_self"> <div class="a-carousel-photo"><img border="0" alt="" src="http://ecx.images-amazon.com/images/I/51hba5V-hRL._AC_SR160,160_.jpg"></div> <div data-rows="4" aria-hidden="true" class="sponsored-products-truncator-truncate sponsored-products-truncator-line-clamp-4">Aptamil Kinder-Milch Junior 2+ ab dem 2. Jahr, 6er Pack (6 x 800g)</div> </a> <div class="a-icon-row"> <a href="/gp/slredirect/picassoRedirect.html/ref=sp_detail2_dktp_cr?ie=UTF8&amp;adId=A03608483JIVYDB10AS7N&amp;url=%2Fdp%2FB00KDFB4LG%3Fpsc%3D1%26smid%3DA19GXCM6XB2JP7%23customerReviews&amp;qualifier=508058&amp;id=8592720647186572924&amp;widgetName=sp_detail2"> <i class="a-icon a-icon-star a-star-4-5" title="4.3 von 5 Sternen"> <span class="a-icon-alt">4.3 von 5 Sternen </span> </i> </a> <a class="a-size-base" href="/gp/slredirect/picassoRedirect.html/ref=sp_detail2_dktp_cr?ie=UTF8&amp;adId=A03608483JIVYDB10AS7N&amp;url=%2Fdp%2FB00KDFB4LG%3Fpsc%3D1%26smid%3DA19GXCM6XB2JP7%23customerReviews&amp;qualifier=508058&amp;id=8592720647186572924&amp;widgetName=sp_detail2">6</a> </div> <div class="a-row a-color-price"> EUR 103,40&nbsp; <span class="a-size-mini">(EUR 15,21/kg) </span> <span style="position: relative; top: 2px;"> <i class="a-icon a-icon-prime a-icon-small" title="Prime"> <span class="a-icon-alt">Prime</span> </i> </span> </div> </div> </div> </div> <script> P.when('A', 'call-on-visible').execute(function(A) { var offer = A.$("#0WSYMHX46SV2Y1P04DFY_sp_detail2_1_4"); if (typeof offer.callOnVisible == "function") { offer.callOnVisible(function () { var img = new Image(); img.src = "http://fls-eu.amazon.com/1/amazon-clicks/1/OP/?requestId=0WSYMHX46SV2Y1P04DFY&childRequestId=0WSYMHX46SV2Y1P04DFY&widgetName=sp_detail2&searchResultNumber=1&impressionRankOnAsin=4"; this.setAttribute("id", "0WSYMHX46SV2Y1P04DFY_sp_detail2_1_4" + "_sent"); }); } }); </script> </li> <li class="a-carousel-card" role="listitem" style="width:160px;" aria-setsize="8"> <div id="0WSYMHX46SV2Y1P04DFY_sp_detail2_1_5" data-asin="B015B1BWTA"> <div class="sp_offerVertical"> <div class="pa_feedbackForm_container_sp_detail2" style="display:none"> <div class="sp_adID"> <span id="pa_0WSYMHX46SV2Y1P04DFY_sp_detail2_1_5" class="a-declarative" data-action="a-modal" data-a-modal="{&quot;url&quot;:&quot;/gp/sponsored-products/lazyLoad/handler/sp-feedback-handler.html?pl=T6nrSbl4NA0w8yc2DidDsazHeERealkfAAaDujginU%2Ferk54N%2FkGBg%2FAz49l8%2BdtVQu0XGubo3i54SDRvCwc%2BOFC9QG0NH2G84hyhy8xq7ymix6%2BDh85ictEq%2Fyve%2FUtCcFdNN38bizwc4zLEj5PLT2kL7f2GTdTjNDY6IFxbqdRrYCGXIseWLqepvGi8Ja7Q1rkDVn8sP2l61o5AP5ipXLFFAfhjkwI7Rix12YThhHfXpAutISDEKEhFL5TDnroFfXAf1EmS95%2B0EwWR%2FJ%2Fa5njos%2BVp4SVOPEd7If5J9a8h5aK07WKAspUVIGrPzcGfgQE9cksLuvdc0XVtHxYf%2FqTFOqlcy02bohiCh0VRbn2OmbwTzLxQ29dpyAdC12xZhOaolrzo1%2BuBNjXTzbPypRML2HDhO7w4BGeecQ4QLsL6xCo7lw99tlWYq56vMAa6DuYBhZud18YtUQD1FKPpOHcddbYzoMg%2BbQznZwGGmx4MuM1aG4%2BrWhcxtaKVAFLTuVl6rgLTNWQ%2Bc6I4PhY4UwPLxyIGI8fmAOjJZta%2FHdIwiMwJNtI3tu1pcccTJOPLPtlCrohstdwEnvdgnhPJRoSmAKCHiLend5JAIiFuL8%3D&quot;,&quot;name&quot;:&quot;sponsored-products-feedback-modal-sp_detail2&quot;,&quot;header&quot;:&quot;Feedback mitteilen&quot;,&quot;footer&quot;:&quot;&lt;div id='sponsored-products-feedback-footer'&gt;&lt;/div&gt;&quot;,&quot;width&quot;:&quot;350&quot;}"> <a class="a-popover-trigger a-declarative">Feedback</a> </span> </div> </div> <div class="sp_dpOffer"> <a href="/gp/slredirect/picassoRedirect.html/ref=dp_sp_detail2_4?ie=UTF8&amp;adId=A100532733LZLLK02DJUK&amp;url=%2Fdp%2FB015B1BWTA%3Fpsc%3D1%26smid%3DA19GXCM6XB2JP7&amp;qualifier=508058&amp;id=8592720647186572924&amp;widgetName=sp_detail2" title="Aptamil Kinder-Milch Junior 2+ ab dem 2. Jahr, 12er Pack (12 x 800g)" target="_self"> <div class="a-carousel-photo"><img border="0" alt="" src="http://ecx.images-amazon.com/images/I/512rHqE25WL._AC_SR160,160_.jpg"></div> <div data-rows="4" aria-hidden="true" class="sponsored-products-truncator-truncate sponsored-products-truncator-line-clamp-4">Aptamil Kinder-Milch Junior 2+ ab dem 2. Jahr, 12er Pack (12 x 800g)</div> </a> <div class="a-icon-row"> <a href="/gp/slredirect/picassoRedirect.html/ref=sp_detail2_dktp_cr?ie=UTF8&amp;adId=A100532733LZLLK02DJUK&amp;url=%2Fdp%2FB015B1BWTA%3Fpsc%3D1%26smid%3DA19GXCM6XB2JP7%23customerReviews&amp;qualifier=508058&amp;id=8592720647186572924&amp;widgetName=sp_detail2"> <i class="a-icon a-icon-star a-star-5" title="5 von 5 Sternen"> <span class="a-icon-alt">5 von 5 Sternen </span> </i> </a> <a class="a-size-base" href="/gp/slredirect/picassoRedirect.html/ref=sp_detail2_dktp_cr?ie=UTF8&amp;adId=A100532733LZLLK02DJUK&amp;url=%2Fdp%2FB015B1BWTA%3Fpsc%3D1%26smid%3DA19GXCM6XB2JP7%23customerReviews&amp;qualifier=508058&amp;id=8592720647186572924&amp;widgetName=sp_detail2">1</a> </div> <div class="a-row a-color-price"> EUR 212,97&nbsp; <span class="a-size-mini">(EUR 22,18/kg) </span> </div> </div> </div> </div> <script> P.when('A', 'call-on-visible').execute(function(A) { var offer = A.$("#0WSYMHX46SV2Y1P04DFY_sp_detail2_1_5"); if (typeof offer.callOnVisible == "function") { offer.callOnVisible(function () { var img = new Image(); img.src = "http://fls-eu.amazon.com/1/amazon-clicks/1/OP/?requestId=0WSYMHX46SV2Y1P04DFY&childRequestId=0WSYMHX46SV2Y1P04DFY&widgetName=sp_detail2&searchResultNumber=1&impressionRankOnAsin=5"; this.setAttribute("id", "0WSYMHX46SV2Y1P04DFY_sp_detail2_1_5" + "_sent"); }); } }); </script> </li> <li class="a-carousel-card" role="listitem" style="width:160px;" aria-setsize="8"> <div id="0WSYMHX46SV2Y1P04DFY_sp_detail2_1_6" data-asin="B00R4996YQ"> <div class="sp_offerVertical"> <div class="pa_feedbackForm_container_sp_detail2" style="display:none"> <div class="sp_adID"> <span id="pa_0WSYMHX46SV2Y1P04DFY_sp_detail2_1_6" class="a-declarative" data-action="a-modal" data-a-modal="{&quot;url&quot;:&quot;/gp/sponsored-products/lazyLoad/handler/sp-feedback-handler.html?pl=3P0GqW%2FcLtl5CyAbW7vdXnO7Xt%2FMPT8KopYjp5Jga47FhN5NuBwNLqiH8YkVgD1aoBlIkj1Ks4ePvvR8o%2FX2MRSLBka%2BQOXqVASTn6PaQ3bTIa6BZw1cZuuPfkumgQG%2BWMj73CK2rsnuT%2BS6vgeB%2F9UQPDhAJH22%2BrHYOXA6oSbDswa24mjI9wI75bCKbAyG1byg8U0mn2A%2B8GCQrMXAukCZ3NcrgJXOgRGb%2FsCk6YRyOEavUMXdkRGsuHcp5kaLSmguB4J%2BZSHQj%2F0dRIfk2uCNu26VTUOX%2FW2JuHVjX6zNjzXpj3RVEQIlBntsP6TmE8ly3OS%2Bj%2BocWm5J1kb0BGYahpcq2XWqvY%2FQW5yXy2EOUCg9KUKX9Ypc9%2FBqKmAezqf0%2FKZGSA8AbrO3jY6zVqfFe1mvwuKwyrsav3YTYI%2FN9dbDXzh%2F4uWWdy9KlN5uY6aHNPjsHSZ3p64g2Un9VH3e71q9IcXAKlEcvr2OmH0HC0SggaHL25SOMYgaW%2BOsZ3Zq%2BMrup2dkdzDL0mh71rsLrtxVJcz8x%2F2buzNJ11APzvuPzB%2BRFZa0p3g43RcQ77QPiV2oE8T1UzA8W9c7bxV4gkcLV0lm&quot;,&quot;name&quot;:&quot;sponsored-products-feedback-modal-sp_detail2&quot;,&quot;header&quot;:&quot;Feedback mitteilen&quot;,&quot;footer&quot;:&quot;&lt;div id='sponsored-products-feedback-footer'&gt;&lt;/div&gt;&quot;,&quot;width&quot;:&quot;350&quot;}"> <a class="a-popover-trigger a-declarative">Feedback</a> </span> </div> </div> <div class="sp_dpOffer"> <a href="/gp/slredirect/picassoRedirect.html/ref=dp_sp_detail2_5?ie=UTF8&amp;adId=A08637133E0B7XCQ3YT7B&amp;url=%2Fdp%2FB00R4996YQ%3Fpsc%3D1%26smid%3DA19GXCM6XB2JP7&amp;qualifier=508058&amp;id=8592720647186572924&amp;widgetName=sp_detail2" title="Aptamil 3 Folgemilch mit Pronutra A, 6er Pack (6 x 800g)" target="_self"> <div class="a-carousel-photo"><img border="0" alt="" src="http://ecx.images-amazon.com/images/I/51dk8xyjxTL._AC_SR160,160_.jpg"></div> <div data-rows="4" aria-hidden="true" class="sponsored-products-truncator-truncate sponsored-products-truncator-line-clamp-4">Aptamil 3 Folgemilch mit Pronutra A, 6er Pack (6 x 800g)</div> </a> <div class="a-icon-row"> <a href="/gp/slredirect/picassoRedirect.html/ref=sp_detail2_dktp_cr?ie=UTF8&amp;adId=A08637133E0B7XCQ3YT7B&amp;url=%2Fdp%2FB00R4996YQ%3Fpsc%3D1%26smid%3DA19GXCM6XB2JP7%23customerReviews&amp;qualifier=508058&amp;id=8592720647186572924&amp;widgetName=sp_detail2"> <i class="a-icon a-icon-star a-star-5" title="5 von 5 Sternen"> <span class="a-icon-alt">5 von 5 Sternen </span> </i> </a> <a class="a-size-base" href="/gp/slredirect/picassoRedirect.html/ref=sp_detail2_dktp_cr?ie=UTF8&amp;adId=A08637133E0B7XCQ3YT7B&amp;url=%2Fdp%2FB00R4996YQ%3Fpsc%3D1%26smid%3DA19GXCM6XB2JP7%23customerReviews&amp;qualifier=508058&amp;id=8592720647186572924&amp;widgetName=sp_detail2">6</a> </div> <div class="a-row a-color-price"> EUR 104,40&nbsp; <span class="a-size-mini">(EUR 21,75/kg) </span> </div> </div> </div> </div> <script> P.when('A', 'call-on-visible').execute(function(A) { var offer = A.$("#0WSYMHX46SV2Y1P04DFY_sp_detail2_1_6"); if (typeof offer.callOnVisible == "function") { offer.callOnVisible(function () { var img = new Image(); img.src = "http://fls-eu.amazon.com/1/amazon-clicks/1/OP/?requestId=0WSYMHX46SV2Y1P04DFY&childRequestId=0WSYMHX46SV2Y1P04DFY&widgetName=sp_detail2&searchResultNumber=1&impressionRankOnAsin=6"; this.setAttribute("id", "0WSYMHX46SV2Y1P04DFY_sp_detail2_1_6" + "_sent"); }); } }); </script> </li> <li class="a-carousel-card" role="listitem" style="width:160px;" aria-setsize="8"> <div id="0WSYMHX46SV2Y1P04DFY_sp_detail2_1_7" data-asin="B00Y127RPO"> <div class="sp_offerVertical"> <div class="pa_feedbackForm_container_sp_detail2" style="display:none"> <div class="sp_adID"> <span id="pa_0WSYMHX46SV2Y1P04DFY_sp_detail2_1_7" class="a-declarative" data-action="a-modal" data-a-modal="{&quot;url&quot;:&quot;/gp/sponsored-products/lazyLoad/handler/sp-feedback-handler.html?pl=06nCn%2BRaruSMhV1Ke0plfMZmAAThlh0VJtRNNAbrRHLL3np4EmrCdffxuKppVTVf2nmQ5tJSzuyiS%2Fkw%2F5sZgmPxzQtSFRr2KBW4Q6kZhM8eXxUWMjJa67kpWu%2BNxfR7r%2FZEAZp2j7gKIfZLCIts95MFhTxAhZoaD9VA6btSvFYlP7i5I7v1ydwgmzmcx%2BwS1fw%2FPQ3iiV9Vhs5fyIpcHo%2B36xSXEOmXPiDYRvQFPt9MZBZ4HaJKtxVHdFQeqrlkArGTmmR9%2BJ2SBc6ZLp9WEDTl4GZQARE0QXg%2BoAMwBDfZr7i9Qx1ktJBVs1iiBcDrFSv4ronThsiCl%2BRrkEbDNguV8%2FklSGN2UkXUz4n1WUbTHrUvfp3V4CTuFAo7ZOLfk1xziPdLyhpAsMXUjnhUuRNfvb52i1aGn2yuI24vQybnfJ4SPfKZt7c91HIET%2B52pfBshm6FS%2BHtH%2Ft6vqto%2FwbQgk7IrdvnjMMGNCM4hIt3F6VLYKkikXFjwe1k4kqgTxEtwM8ca46ZkLzdw7vYuU0WBfi2%2F4IXhB1DoikysI%2FVhgLQ%2BVVFg3EmxjvhS9S%2BvoQW5pyOGGnb5IFrZw7UQbcrQ37Npc62lFOaNKq1MXL5vn6%2F1%2BnJ9w%3D%3D&quot;,&quot;name&quot;:&quot;sponsored-products-feedback-modal-sp_detail2&quot;,&quot;header&quot;:&quot;Feedback mitteilen&quot;,&quot;footer&quot;:&quot;&lt;div id='sponsored-products-feedback-footer'&gt;&lt;/div&gt;&quot;,&quot;width&quot;:&quot;350&quot;}"> <a class="a-popover-trigger a-declarative">Feedback</a> </span> </div> </div> <div class="sp_dpOffer"> <a href="/gp/slredirect/picassoRedirect.html/ref=dp_sp_detail2_6?ie=UTF8&amp;adId=A0435415SS1JKBTFALIO&amp;url=%2Fdp%2FB00Y127RPO%3Fpsc%3D1&amp;qualifier=508058&amp;id=8592720647186572924&amp;widgetName=sp_detail2" title="Aptamil mit Pronutra Folgemilch 3 Immun Optimalpaket: Aptamil mit Pronutra Folgemilch 3 + Immun Forte Intensivkapseln" target="_self"> <div class="a-carousel-photo"><img border="0" alt="" src="http://ecx.images-amazon.com/images/I/41LtQJPJHYL._AC_SR160,160_.jpg"></div> <div data-rows="4" aria-hidden="true" class="sponsored-products-truncator-truncate sponsored-products-truncator-line-clamp-4">Aptamil mit Pronutra Folgemilch 3 Immun Optimalpaket: Aptamil mit Pronutra Folgemilch 3 + Immun Forte Intensivkapseln</div> </a> <div class="a-row a-color-price"> EUR 39,80&nbsp; <span class="a-size-mini">(EUR 19,90/Stück) </span> </div> </div> </div> </div> <script> P.when('A', 'call-on-visible').execute(function(A) { var offer = A.$("#0WSYMHX46SV2Y1P04DFY_sp_detail2_1_7"); if (typeof offer.callOnVisible == "function") { offer.callOnVisible(function () { var img = new Image(); img.src = "http://fls-eu.amazon.com/1/amazon-clicks/1/OP/?requestId=0WSYMHX46SV2Y1P04DFY&childRequestId=0WSYMHX46SV2Y1P04DFY&widgetName=sp_detail2&searchResultNumber=1&impressionRankOnAsin=7"; this.setAttribute("id", "0WSYMHX46SV2Y1P04DFY_sp_detail2_1_7" + "_sent"); }); } }); </script> </li> </ol> </div> </div> <div class="a-carousel-col a-carousel-left"> <a class="a-button a-button-image a-carousel-button a-carousel-goto-prevpage" href="#" tabindex="0"> <span class="a-button-inner"> <i class="a-icon a-icon-previous"> <span class="a-icon-alt">Zurück</span> </i> </span> </a> </div> <div class="a-carousel-col a-carousel-right"> <a class="a-button a-button-image a-carousel-button a-carousel-goto-nextpage" href="#" tabindex="0"> <span class="a-button-inner"> <i class="a-icon a-icon-next"> <span class="a-icon-alt">Weiter</span> </i> </span> </a> </div> </div> </div> </div> </div> <div class="SP-Ad-Feedback"> <a href="#sp_detail2_feedbackForm" id="sp_detail2_feedbackMessage" class="dynamicSPFL">Anzeige-Feedback</a> </div> </div> <script type="text/javascript"> P.when('A', 'a-carousel-framework', 'AmazonClicks').execute(function (A, CF, AC) { CF.getCarousel(document.getElementById("sp_detail2")); AC.registerFeedbackEvents("sp_detail2_carousel", "sp_detail2_feedbackMessage", "Anzeige-Feedback", "Feedback ausblenden", "pa_feedbackForm_container_sp_detail2"); }); </script> <img src="http://fls-eu.amazon.com/1/amazon-clicks/1/OP/?requestId=0WSYMHX46SV2Y1P04DFY&amp;childRequestId=0WSYMHX46SV2Y1P04DFY&amp;widgetName=sp_detail2" width="1" height="1"/> 











 
 
 


<div id="dp-ads-middle_feature_div">

    


  


  
  








<div id="dp-ads-middle-3psl">











<style type="text/css">
#sponsoredLinksCSA {
  clear: both;
  height: 0px;
  overflow: hidden;
  width: 100%;
}
</style>

<div id="sponsoredLinksCSA">
<hr size="1" noshade="noshade" class="bucketDivider"></hr>
<div class="AUI_bucket celwidget" id="AUI_A9AdsMiddleBoxTop">
  <h2 style="display: inline;" id="AUI_A9AdsWidgetAdsTitle">Kunden, die diese Seite anzeigen, sind u.U. an diesen gesponserten Links interessiert.</h2>&nbsp; 
  <span class="AUI_SponsoredLinkSmall" id="AUI_a9whatsthis">(<a onclick="return amz_js_PopWin(this.href,'AmazonHelp','width=450,height=450,resizable=1,scrollbars=1,toolbar=1,status=1');" target="AmazonHelp" href="/gp/ads/whats-this.html">Was ist das?</a>)
  </span>
<div id="AUI_SlDiv_0">
<div id="AUI_A9AdsWidgetAdsWrapper">


<div>
  <table style="margin-top:10px;">
   <tbody>
       <tr>
        <td>
        <iframe id="sponsoredLinksCsaIframe" style="width:100%" title="SponsoredLinks" frameborder="0" marginheight="0" marginwidth="0"
            scrolling="no" allowtransparency="true" width="1" height="1" class="ap_never_hide"></iframe>
        </td>
        </tr>
   </tbody>
  </table> 





</div>

    </div>
  </div>
</div>
</div>
<div style="clear: left;"></div>

<script>

var showSLF;
var slStartTime = new Date().getTime();
var slEndTime;
var jsSlLoaded;
var cfSlLoaded;
var iframeDoc;
var readyCallGoogle;

var a9_3psl_sessionId = "278-8288477-3349315";
var a9_3psl_marketplace = "DE";
var a9_3psl_marketplaceId = "A1PA6795UKMFR9";
var a9_3psl_requestId = "0WSYMHX46SV2Y1P04DFY";
var a9_3psl_method = "Detail";

  
var a9_3psl_fVip = "https://fls-eu.amazon.com";
var a9_3psl_fApiVersion = "1";
var a9_3psl_fChannelId = "a9-sl-requests";
var a9_3psl_fChannelVersion = "2";
var a9_3psl_fAction = "OP";
var a9_3psl_fProgramGroup = "a9-sl";

var sendLoggingRequest = function (metric)
{
   var a9_3psl_fMetrics = metric;
   var a9_3psl_fUrl = [a9_3psl_fVip, a9_3psl_fApiVersion, a9_3psl_fChannelId, a9_3psl_fChannelVersion, a9_3psl_fAction, a9_3psl_fProgramGroup, "action", a9_3psl_fMetrics].join("/");
  
   new Image().src = a9_3psl_fUrl 
            + "?"
            + "marketplaceId=" + encodeURIComponent(a9_3psl_marketplaceId)
            + "&session=" + encodeURIComponent(a9_3psl_sessionId)
            + "&requestId=" + encodeURIComponent(a9_3psl_requestId)
            + "&marketplace=" + encodeURIComponent(a9_3psl_marketplace)
            + "&service=ClientSideSL"
            + "&method=" + a9_3psl_method;
}  

var pageOptions = {
	'pubId': 'amazon-de',
	'query': 'Aptamil Kindermilch 1+ ab 1 Jahr, 4er Pack (4 x 600 g)',
	'domTemplate': 'threeColumnNumbered',
	'cssFileName': 'amazon_bulleted_three_column',
	'channel': 'g-channel-47+g-channel-58',
	'adIconUrl': 'http://afs.googleusercontent.com/amazon/icon-offsite-sl-7069-t4._V171196157_.png',
	'linkTarget': '_blank',
	'hl': 'de',
	'gl': 'de',
	'adtest': 'off',
	'adPage': 1,
	'referrer': ''
}; 
var adblock1 = {
	'container': 'sponsoredLinksContent',
	'number': 4,
	'clicktrackUrl': 'http://rd-eu.a9.com/srv/redirect/?info=AJgL.uGbhDtxpG6FHJg9D8zgii2lTI6wlRUNfyIu3wFb6KmNF2KvxOta8N3ZRwUQylQXkZ-7vfaCsPmb2rhP.qsnkEbFGwhV-TILUQPBNS.T7-T3-4qlZ4uhLh3-6PYi6JisrIHyAXtftOg-F0bbEbPlMBH35yAm2LBgRG.OLa7tVFrJma8LSlUSN5O2e1o-ymAQ9Cj87eXiWVSaYggJpD3XALVVr8L3YpkaW9pu8d3Zw63LlBnTaV6FCXsWg6Ozkb0YUhwZbd3ZeBupWEzgYXLyYAqbsGeVc9OvVSuxiMzvecRQKdKq2YGDAn.VSF3EzYcXILZROr0gojsd8hP2nr53OEvpVNz0tQ__&awt=1&s='
};

var handleSLSize = function(hSl) {
  if(hSl <= 0) {return;}
  document.getElementById("sponsoredLinksCSA").style.height='auto';
  document.getElementById("sponsoredLinksCSA").style.overflow='visible';
  document.getElementById("sponsoredLinksCsaIframe").height= hSl;
}

var handleLoadedSL = function(visUrls) {
  var adsLoaded = visUrls.length;
  slEndTime = new Date().getTime();
  var getTime = slEndTime - slStartTime;

  var requestId = "0WSYMHX46SV2Y1P04DFY";
  var requestTag = "6Nj5LdB+1dto66oJ";
  var sessionId = "278-8288477-3349315";
  var marketplace = "DE";
  var marketplaceId = "A1PA6795UKMFR9";
  var method = "Detail";
  
  var fVip = "https://fls-eu.amazon.com";
  var fApiVersion = "1";
  var fChannelId = "a9-sl-requests";
  var fChannelVersion = "1";
  var fAction = "OP";
  var fProgramGroup = "a9-sl";
  
  var jsLoadedTime = jsSlLoaded - slStartTime;
  var csaGet = slEndTime - jsSlLoaded;
  var cfTime = cfSlLoaded - slStartTime;
  var readyCallGoogleTime = readyCallGoogle - slStartTime;
  
  var fMetrics = "time_elapsed_csa_:total@v=" + getTime
    + ",jsLoaded@v=" + jsLoadedTime
    + ",cfLoaded@v=" + cfTime
    + ",readyCallGoogle@v=" + readyCallGoogleTime
    + ",GET@v=" + csaGet + ":u=ms";
    
  var fUrl = [fVip, fApiVersion, fChannelId, fChannelVersion, fAction, fProgramGroup, "action", fMetrics].join("/");

  var visUrlsPlaceHolder = [];
  for( var i = 1; i <= visUrls.length; i++)
  {
     visUrlsPlaceHolder.push("visUrl" + i);    
  }
  
  new Image().src = fUrl 
      + "?" 
      + "marketplaceId=" + encodeURIComponent(marketplaceId)
      + "&session=" + encodeURIComponent(sessionId)
      + "&requestId=" + encodeURIComponent(requestId)
      + "&marketplace=" + encodeURIComponent(marketplace)
      + "&requestTag=" + encodeURIComponent(requestTag)
      + "&service=ClientSideSL"
      + "&adsLoaded=" + encodeURIComponent(adsLoaded)
      + "&method=" + encodeURIComponent(method)
      + "&visUrls=" + encodeURIComponent(visUrlsPlaceHolder)
      + "&logType=impression";
  
};

var slAdsArgs = {
	"adProperties": adblock1, 
	"pageOptions": pageOptions, 
	"operation": "showSLAds"
};

function initSLFrame() {

		cfSlLoaded = new Date().getTime();
		
		var two_column_format_threshold = 1180; 
		browserWidth = window.innerWidth || document.body.clientWidth;
		var isTwoColumn = 0;
		if ( browserWidth && browserWidth < two_column_format_threshold )
		{
		    pageOptions['domTemplate'] = 'twoColumnBulleted';
		    isTwoColumn = 1;
		}
		
		if ( 'false' == 'true' )
		{
		    if (isTwoColumn)
		    {
		         pageOptions['cssFileName'] = 'amazon_grey_bulleted_two_column';
		    }
		    else
		    {
		         pageOptions['cssFileName'] = 'amazon_numbered_three_column_for_non_Search';		    
		    }
		} else{
		    if (isTwoColumn)
		    {
		         pageOptions['cssFileName'] = 'amazon_bulleted_two_column';
		    }
		    else
		    {
		         pageOptions['cssFileName'] = 'amazon_numbered_three_column_for_non_Search';		    
		    }
		
		}
		
		var slIframeElem = document.getElementById("sponsoredLinksCsaIframe");
		if(slIframeElem) {
			slIframeElem.contentWindow.postMessage(JSON.stringify(slAdsArgs), "https://d14qd3he45186l.cloudfront.net");
		}
}


var emitSLFeedbackForm = function(visUrls) {};

var processSLIframeMessage = function(event) {
 try{
	if(event.origin != 'https://d14qd3he45186l.cloudfront.net') {
		return;
	}
	var slMessage = JSON.parse(event.data);
	if(slMessage.operation == 'adsReturned') {
		handleLoadedSL(slMessage.visUrls);
		emitSLFeedbackForm(slMessage.visUrls);
	} else if(slMessage.operation == 'jsLoaded') {
		jsSlLoaded = new Date().getTime();
		readyCallGoogle = slMessage.readyCallGoogle;
	} else if(slMessage.operation == 'resize') {
		handleSLSize(slMessage.height);
	} else if(slMessage.operation == 'initializeFrame') {
		initSLFrame();
	}
  }
  catch(e)
  {
  }
}

if(typeof registeredSLEventListener == 'undefined') {
	var registeredSLEventListener = 1;
	if(window.addEventListener) {
		window.addEventListener("message", processSLIframeMessage, false);
	} else {
		window.attachEvent("onmessage", processSLIframeMessage);
	}
}

var sponsoredlinks_isPlacementChose = 0;

P.when('jQuery','cf').execute(function($) {

   	  if (sponsoredlinks_isPlacementChose)
   	  {
   	  	  return;
   	  }
   	  
   	  var topElem = document.getElementById("dp-out-of-stock-3psl");
   	  var bottomElem = document.getElementById("dp-ads-middle-3psl");
   	  
   	  
   	  if ( !bottomElem || !topElem )
   	  {
   	     return;
   	  }
 
   	  
   	  var topYPosition = $('#dp-out-of-stock-3psl').offset().top;
   	  var screenY = $(window).height();;
   	  
   	  
   	  if ( topYPosition <= screenY )
   	  {
   	      $('#dp-out-of-stock-3psl').empty();
   	      
     	  sendLoggingRequest("js_csa_:change_placement@v=1");
   	  }else{
   	  	  $('#dp-ads-middle-3psl').empty();
   	  }

      sendLoggingRequest("js_csa_:high_placement_request@v=1");   	     	  
      sponsoredlinks_isPlacementChose = 1;      
      
   	  var slIframeElem = document.getElementById("sponsoredLinksCsaIframe");
	
	  if(slIframeElem) {
    	  slIframeElem.src="https://d14qd3he45186l.cloudfront.net/ads-search32.html";
	  }
});

 
</script>

</div>

</div>


<div id="accessories-and-compatible-products_feature_div">


<div id="accessories-and-compatible-products_feature_div">





</div>
</div>


<div id="conditional-probability_feature_div">






    
    
    
    
    

    
    
    
    


<hr class="a-divider-normal sims-vtp-heading">
        <div id="view_to_purchase-sims-feature" class="a-section bucket">
            
        <h2 class="a-size-large a-spacing-base">Welche anderen Artikel kaufen Kunden, nachdem sie diesen Artikel angesehen haben?</h2>
        <div data-p13n-feature-metadata="{&quot;baseAsin&quot;:&quot;B00BSNACII&quot;}" data-p13n-feature-name="pd_cp_325" data-p13n-global="{&quot;auiDeviceType&quot;:&quot;desktop&quot;,&quot;marketplaceId&quot;:&quot;A1PA6795UKMFR9&quot;,&quot;requestId&quot;:&quot;0WSYMHX46SV2Y1P04DFY&quot;,&quot;marketplace&quot;:&quot;DE&quot;,&quot;session&quot;:&quot;278-8288477-3349315&quot;}" class="a-section a-spacing-micro vtp-container">
            
            
        <div class="a-section p13n-sc-list-cells-container">
            <ul class="a-nostyle a-vertical p13n-sc-list-cells">
                <li data-fling-container="true" class="a-spacing-medium p13n-sc-list-item"><span class="a-list-item">
        <div data-p13n-asin-metadata="{&quot;ref&quot;:&quot;pd_cp_325_1&quot;,&quot;asin&quot;:&quot;B00BSNAC9C&quot;}" class="a-fixed-left-grid p13n-asin"><div class="a-fixed-left-grid-inner" style="padding-left:82px">
            <div class="a-fixed-left-grid-col a-col-left" style="width:82px;margin-left:-82px;_margin-left:-41px;float:left;"><a class="a-link-normal" href="/Aptamil-Kindermilch-Jahren-4er-Pack/dp/B00BSNAC9C/ref=pd_cp_325_1/278-8288477-3349315?ie=UTF8&refRID=0WSYMHX46SV2Y1P04DFY">
                <img alt="Aptamil Kindermilch 2+ ab 2 Jahren, 4er Pack (4 x 600 g)" src="http://ecx.images-amazon.com/images/I/51-0dVWuw4L._AC_UL70_SR70,70_.jpg" class="a-dynamic-image" height="70" width="70" data-a-dynamic-image="{&quot;http://ecx.images-amazon.com/images/I/51-0dVWuw4L._AC_UL140_SR140,140_.jpg&quot;:[140,140],&quot;http://ecx.images-amazon.com/images/I/51-0dVWuw4L._AC_UL210_SR210,210_.jpg&quot;:[210,210],&quot;http://ecx.images-amazon.com/images/I/51-0dVWuw4L._AC_UL70_SR70,70_.jpg&quot;:[70,70]}">
            </a></div>
            <div class="a-fixed-left-grid-col a-col-right" style="padding-left:0%;*width:99.6%;float:left;">
                
        <div class="a-row">
            <a class="a-link-normal" href="/Aptamil-Kindermilch-Jahren-4er-Pack/dp/B00BSNAC9C/ref=pd_cp_325_1/278-8288477-3349315?ie=UTF8&refRID=0WSYMHX46SV2Y1P04DFY">Aptamil Kindermilch 2+ ab 2 Jahren, 4er Pack (4 x 600 g)</a>
            
            
        </div>
        
        
        <div class="a-icon-row a-spacing-none">
            <a class="a-link-normal" title="4.9 von 5 Sternen" href="/product-reviews/B00BSNAC9C/ref=pd_cp_325_cr_1/278-8288477-3349315?ie=UTF8&refRID=0WSYMHX46SV2Y1P04DFY">
                <i class="a-icon a-icon-star a-star-5"><span class="a-icon-alt">4,9 von 5 Sternen</span></i>
            </a>
            <a class="a-size-small a-link-normal" href="/product-reviews/B00BSNAC9C/ref=pd_cp_325_cr_1/278-8288477-3349315?ie=UTF8&refRID=0WSYMHX46SV2Y1P04DFY">19</a>
        </div>
    
        <div class="a-row"><span class="a-size-base a-color-price">EUR 39,80</span> <span class="a-size-mini a-color-secondary">(EUR 16,58 /  kg)</span> <span style="position: relative; top: 2px;"><i class="a-icon a-icon-prime a-icon-small" aria-label="Prime"><span class="a-icon-alt">Prime</span></i></span></div>
    
            </div>
        </div></div>
    </span></li><li data-fling-container="true" class="a-spacing-medium p13n-sc-list-item"><span class="a-list-item">
        <div data-p13n-asin-metadata="{&quot;ref&quot;:&quot;pd_cp_325_2&quot;,&quot;asin&quot;:&quot;B004X0XAFK&quot;}" class="a-fixed-left-grid p13n-asin"><div class="a-fixed-left-grid-inner" style="padding-left:82px">
            <div class="a-fixed-left-grid-col a-col-left" style="width:82px;margin-left:-82px;_margin-left:-41px;float:left;"><a class="a-link-normal" href="/HiPP-Kindermilch-Combiotik-Jahr-Pack/dp/B004X0XAFK/ref=pd_cp_325_2/278-8288477-3349315?ie=UTF8&refRID=0WSYMHX46SV2Y1P04DFY">
                <img alt="HiPP Kindermilch Combiotik ab 1 Jahr, 4er Pack (4 x 600 g)" src="http://ecx.images-amazon.com/images/I/51fvb8WSpEL._AC_UL70_SR70,70_.jpg" class="a-dynamic-image" height="70" width="70" data-a-dynamic-image="{&quot;http://ecx.images-amazon.com/images/I/51fvb8WSpEL._AC_UL140_SR140,140_.jpg&quot;:[140,140],&quot;http://ecx.images-amazon.com/images/I/51fvb8WSpEL._AC_UL70_SR70,70_.jpg&quot;:[70,70],&quot;http://ecx.images-amazon.com/images/I/51fvb8WSpEL._AC_UL210_SR210,210_.jpg&quot;:[210,210]}">
            </a></div>
            <div class="a-fixed-left-grid-col a-col-right" style="padding-left:0%;*width:99.6%;float:left;">
                
        <div class="a-row">
            <a class="a-link-normal" href="/HiPP-Kindermilch-Combiotik-Jahr-Pack/dp/B004X0XAFK/ref=pd_cp_325_2/278-8288477-3349315?ie=UTF8&refRID=0WSYMHX46SV2Y1P04DFY">HiPP Kindermilch Combiotik ab 1 Jahr, 4er Pack (4 x 600 g)</a>
            
            
        </div>
        
        
        <div class="a-icon-row a-spacing-none">
            <a class="a-link-normal" title="3.8 von 5 Sternen" href="/product-reviews/B004X0XAFK/ref=pd_cp_325_cr_2/278-8288477-3349315?ie=UTF8&refRID=0WSYMHX46SV2Y1P04DFY">
                <i class="a-icon a-icon-star a-star-4"><span class="a-icon-alt">3,8 von 5 Sternen</span></i>
            </a>
            <a class="a-size-small a-link-normal" href="/product-reviews/B004X0XAFK/ref=pd_cp_325_cr_2/278-8288477-3349315?ie=UTF8&refRID=0WSYMHX46SV2Y1P04DFY">6</a>
        </div>
    
        
    
            </div>
        </div></div>
    </span></li><li data-fling-container="true" class="a-spacing-medium p13n-sc-list-item"><span class="a-list-item">
        <div data-p13n-asin-metadata="{&quot;ref&quot;:&quot;pd_cp_325_3&quot;,&quot;asin&quot;:&quot;B007X2CL6E&quot;}" class="a-fixed-left-grid p13n-asin"><div class="a-fixed-left-grid-inner" style="padding-left:82px">
            <div class="a-fixed-left-grid-col a-col-left" style="width:82px;margin-left:-82px;_margin-left:-41px;float:left;"><a class="a-link-normal" href="/Hipp-Bio-Kindermilch-Jahr-Pack/dp/B007X2CL6E/ref=pd_cp_325_3/278-8288477-3349315?ie=UTF8&refRID=0WSYMHX46SV2Y1P04DFY">
                <img alt="Hipp Bio Kindermilch ab 1 Jahr, 4er Pack (4 x 800 g) - Bio" src="http://ecx.images-amazon.com/images/I/51%2Be-UWDYJL._AC_UL70_SR70,70_.jpg" class="a-dynamic-image" height="70" width="70" data-a-dynamic-image="{&quot;http://ecx.images-amazon.com/images/I/51%2Be-UWDYJL._AC_UL210_SR210,210_.jpg&quot;:[210,210],&quot;http://ecx.images-amazon.com/images/I/51%2Be-UWDYJL._AC_UL140_SR140,140_.jpg&quot;:[140,140],&quot;http://ecx.images-amazon.com/images/I/51%2Be-UWDYJL._AC_UL70_SR70,70_.jpg&quot;:[70,70]}">
            </a></div>
            <div class="a-fixed-left-grid-col a-col-right" style="padding-left:0%;*width:99.6%;float:left;">
                
        <div class="a-row">
            <a class="a-link-normal" href="/Hipp-Bio-Kindermilch-Jahr-Pack/dp/B007X2CL6E/ref=pd_cp_325_3/278-8288477-3349315?ie=UTF8&refRID=0WSYMHX46SV2Y1P04DFY">Hipp Bio Kindermilch ab 1 Jahr, 4er Pack (4 x 800 g) - Bio</a>
            
            
        </div>
        
        
        <div class="a-icon-row a-spacing-none">
            <a class="a-link-normal" title="4.5 von 5 Sternen" href="/product-reviews/B007X2CL6E/ref=pd_cp_325_cr_3/278-8288477-3349315?ie=UTF8&refRID=0WSYMHX46SV2Y1P04DFY">
                <i class="a-icon a-icon-star a-star-4-5"><span class="a-icon-alt">4,6 von 5 Sternen</span></i>
            </a>
            <a class="a-size-small a-link-normal" href="/product-reviews/B007X2CL6E/ref=pd_cp_325_cr_3/278-8288477-3349315?ie=UTF8&refRID=0WSYMHX46SV2Y1P04DFY">22</a>
        </div>
    
        <div class="a-row"><span class="a-size-base a-color-price">EUR 37,80</span> <span class="a-size-mini a-color-secondary">(EUR 11,81 /  kg)</span> <span style="position: relative; top: 2px;"><i class="a-icon a-icon-prime a-icon-small" aria-label="Prime"><span class="a-icon-alt">Prime</span></i></span></div>
    
            </div>
        </div></div>
    </span></li><li data-fling-container="true" class="a-spacing-medium p13n-sc-list-item"><span class="a-list-item">
        <div data-p13n-asin-metadata="{&quot;ref&quot;:&quot;pd_cp_325_4&quot;,&quot;asin&quot;:&quot;B004X0XALE&quot;}" class="a-fixed-left-grid p13n-asin"><div class="a-fixed-left-grid-inner" style="padding-left:82px">
            <div class="a-fixed-left-grid-col a-col-left" style="width:82px;margin-left:-82px;_margin-left:-41px;float:left;"><a class="a-link-normal" href="/HiPP-Kindermilch-Combiotik-Jahre-Pack/dp/B004X0XALE/ref=pd_cp_325_4/278-8288477-3349315?ie=UTF8&refRID=0WSYMHX46SV2Y1P04DFY">
                <img alt="HiPP Kindermilch Combiotik ab 2 Jahre (4er Pack, 4 x 600 g)" src="http://ecx.images-amazon.com/images/I/51vcR7%2BjnCL._AC_UL70_SR70,70_.jpg" class="a-dynamic-image" height="70" width="70" data-a-dynamic-image="{&quot;http://ecx.images-amazon.com/images/I/51vcR7%2BjnCL._AC_UL140_SR140,140_.jpg&quot;:[140,140],&quot;http://ecx.images-amazon.com/images/I/51vcR7%2BjnCL._AC_UL210_SR210,210_.jpg&quot;:[210,210],&quot;http://ecx.images-amazon.com/images/I/51vcR7%2BjnCL._AC_UL70_SR70,70_.jpg&quot;:[70,70]}">
            </a></div>
            <div class="a-fixed-left-grid-col a-col-right" style="padding-left:0%;*width:99.6%;float:left;">
                
        <div class="a-row">
            <a class="a-link-normal" href="/HiPP-Kindermilch-Combiotik-Jahre-Pack/dp/B004X0XALE/ref=pd_cp_325_4/278-8288477-3349315?ie=UTF8&refRID=0WSYMHX46SV2Y1P04DFY">HiPP Kindermilch Combiotik ab 2 Jahre (4er Pack, 4 x 600 g)</a>
            
            
        </div>
        
        
        <div class="a-icon-row a-spacing-none">
            <a class="a-link-normal" title="5.0 von 5 Sternen" href="/product-reviews/B004X0XALE/ref=pd_cp_325_cr_4/278-8288477-3349315?ie=UTF8&refRID=0WSYMHX46SV2Y1P04DFY">
                <i class="a-icon a-icon-star a-star-5"><span class="a-icon-alt">5,0 von 5 Sternen</span></i>
            </a>
            <a class="a-size-small a-link-normal" href="/product-reviews/B004X0XALE/ref=pd_cp_325_cr_4/278-8288477-3349315?ie=UTF8&refRID=0WSYMHX46SV2Y1P04DFY">5</a>
        </div>
    
        <div class="a-row"><span class="a-size-base a-color-price">EUR 49,03</span> <span class="a-size-mini a-color-secondary">(EUR 20,43 /  kg)</span> </div>
    
            </div>
        </div></div>
    </span></li>
            </ul>
        </div>
    
        </div>
    
        </div>
        
        
    <div class="vtp-footer"></div>










</div>


<div id="like-delayed-render_feature_div">


 
 
 
 
</div>



<table border="0" cellpadding="0" cellspacing="0"  align="right">

<tr><td valign="top" width="100%"></td></tr></table>


<div id="dp-ads-center-promo_feature_div">
</div>


<div id="ask-btf_feature_div">





















<link rel="stylesheet" href="http://z-ecx.images-amazon.com/images/G/01/AUIClients/AskAuiAssets-4e388e8bc83c37c5bd4b69d11fbedb75674198f7._V2_.css#AUIClients/AskAuiAssets.weblab-ASK_MOBILE_POST_ANSWER_56379-T1.min" />
<script>
  (window.AmazonUIPageJS ? AmazonUIPageJS : P).load.js('http://z-ecx.images-amazon.com/images/G/01/AUIClients/AskAuiAssets-5537404744e171d554cf94f90fe05153e66d0cc1._V2_.js#AUIClients/AskAuiAssets.weblab-ASK_MOBILE_POST_ANSWER_56379-T1.min');
</script>
<script>
  window.P && P.when('jQuery', 'ready').execute(function($) {
    var btf = $('#ask-btf_feature_div');
    if ($('html').is('.a-lt-ie10')) {
      var assetsLink = btf.find('link').attr('href');
      document.styleSheets[document.styleSheets.length - 1].addImport(assetsLink);
    } else {
      btf.find('script, link').appendTo('head');
    }

    var atf = $('.askATFLink');
    atf.attr("href", "#Ask");
  });
</script>

<div id="cf-ask-cel" class="celwidget">
  <a name="Ask"></a>













  
  









<div id="ask_lazy_load_div">
    <hr class="bucketDivider" size="1" noshade="noshade">
    <div class="cdQuestionAnswerBucket" style='height: 120px;'>
        <div class="cdQuestionAnswerHeader">
            Kunden Fragen und Antworten
        </div>
        <div class="cdQuestionLazySeeAll">
            <a href="http://www.amazon.de/Aptamil-Kindermilch-Jahr-4er-Pack/forum/-/-/1/ref=cm_cd_dp_lla_ql_ll/278-8288477-3349315?_encoding=UTF8&amp;asin=B00BSNACII">Fragen und Antworten anzeigen</a>
        </div>
        <div class="loading_ind" style="display:none" width="100%">
            <img src="http://g-ecx.images-amazon.com/images/G/03/ui/loadIndicators/loadIndicator-large._CB192546224_.gif" style="padding:8px 0px 0px 100px" />
        </div>
    </div>
    <script>
    (function(P){
        P.when("jQuery").execute(function($){
           "use strict";
            $('.cdQuestionAnswerBucket').height(432);
        });
    })(window.AmazonUIPageJS || window.P);
    </script>
</div>



    




<script>
  (window.AmazonUIPageJS ? AmazonUIPageJS : P).load.js('http://z-ecx.images-amazon.com/images/G/01/AUIClients/DetailPageLazyLoadLibAssets-5e248ff38f5cfe623b72e1b4d40468dcd5bd6540._V2_.js#AUIClients/DetailPageLazyLoadLibAssets.min');
</script>


<script type="text/JavaScript">

     P.when("jQuery", "lazyLoadLib","ready").execute(function ($) {
            $('#ask_lazy_load_div').lazyLoadContent({
             threshold : 800,
             url: "/gp/ask-widget/askWidget.html?asin=B00BSNACII&askError=&askMessage=&wdg=grocery_display_on_website&requestID=0WSYMHX46SV2Y1P04DFY",
             metrics : true,
             name : 'ask_btf',
             cache : false
             }); 
     });
</script>
</div>





</div>


<div id="customer-reviews_feature_div">















    
    
    

    
    
    



















































































































































































































































  
  











<div id="revDivider" class="a-divider a-divider-section"><div class="a-divider-inner"></div></div>
<a id="customerReviews" class="a-link-normal" href="#">
</a>

<div id="cm_cr_dpwidget" class="a-section a-spacing-extra-large celwidget">
  <div class="a-row">
    <div id="revMHLContainer" class="a-column a-span8">
    <h2 class="a-spacing-small">Kundenrezensionen</h2> 
      <div id="revMHLContainerChild" class="a-section a-padding-small">
        <div id="summaryContainer" class="a-row a-spacing-medium">
            <div id="revSum" class="a-section">
              






<div class="a-row a-spacing-small">
  








<div id="summaryStars" class="a-row">  
  <a class="a-link-normal a-text-normal product-reviews-link" title="4.5 von 5 Sternen" href="http://www.amazon.de/product-reviews/B00BSNACII/ref=cm_cr_dp_see_all_top/278-8288477-3349315?ie=UTF8&showViewpoints=1&sortBy=helpful">
    <i class="a-icon a-icon-star-medium a-star-medium-4-5"><span class="a-icon-alt">4.5 von 5 Sternen</span></i>
    31
  </a>  
</div>
<div id="avgRating" class="a-row a-spacing-small a-color-secondary"> 
  <span>
    4.5 von 5 Sternen
    </span>
</div>











</div>

<div class="a-fixed-left-grid"><div class="a-fixed-left-grid-inner" style="padding-left:185px">

  <div class="a-fixed-left-grid-col a-col-left" style="width:185px;margin-left:-185px;_margin-left:-92.5px;float:left;">
    








































<table id="histogramTable" class="a-normal a-align-middle a-spacing-base">
  <tr class="a-histogram-row">
    <td class="a-nowrap">
      <a class="a-link-normal" title="81% der Rezensionen haben 5 Sterne" href="http://www.amazon.de/product-reviews/B00BSNACII/ref=cm_cr_dp_hist_five/278-8288477-3349315?ie=UTF8&filterByStar=five_star&showViewpoints=0">5 Sterne</a><span class="a-letter-space"></span>      
    </td>
    <td class="a-span10">
      <a class="a-link-normal" title="81% der Rezensionen haben 5 Sterne" href="http://www.amazon.de/product-reviews/B00BSNACII/ref=cm_cr_dp_hist_five/278-8288477-3349315?ie=UTF8&filterByStar=five_star&showViewpoints=0"><div class="a-meter" aria-label="81%"><div class="a-meter-bar" style="width: 81%;"></div></div></a>
    </td>
    <td class="a-nowrap">
      <span class="a-letter-space"></span><a class="a-link-normal" title="81% der Rezensionen haben 5 Sterne" href="http://www.amazon.de/product-reviews/B00BSNACII/ref=cm_cr_dp_hist_five/278-8288477-3349315?ie=UTF8&filterByStar=five_star&showViewpoints=0">25</a>
    </td>
  </tr>
  <tr class="a-histogram-row">
    <td class="a-nowrap">
      <a class="a-link-normal" title="3% der Rezensionen haben 4 Sterne" href="http://www.amazon.de/product-reviews/B00BSNACII/ref=cm_cr_dp_hist_four/278-8288477-3349315?ie=UTF8&filterByStar=four_star&showViewpoints=0">4 Sterne</a><span class="a-letter-space"></span>      
    </td>
    <td class="a-span10">
      <a class="a-link-normal" title="3% der Rezensionen haben 4 Sterne" href="http://www.amazon.de/product-reviews/B00BSNACII/ref=cm_cr_dp_hist_four/278-8288477-3349315?ie=UTF8&filterByStar=four_star&showViewpoints=0"><div class="a-meter" aria-label="3%"><div class="a-meter-bar" style="width: 3%;"></div></div></a>
    </td>
    <td class="a-nowrap">
      <span class="a-letter-space"></span><a class="a-link-normal" title="3% der Rezensionen haben 4 Sterne" href="http://www.amazon.de/product-reviews/B00BSNACII/ref=cm_cr_dp_hist_four/278-8288477-3349315?ie=UTF8&filterByStar=four_star&showViewpoints=0">1</a>
    </td>
  </tr>
  <tr class="a-histogram-row">
    <td class="a-nowrap">
      <a class="a-link-normal" title="6% der Rezensionen haben 3 Sterne" href="http://www.amazon.de/product-reviews/B00BSNACII/ref=cm_cr_dp_hist_three/278-8288477-3349315?ie=UTF8&filterByStar=three_star&showViewpoints=0">3 Sterne</a><span class="a-letter-space"></span>      
    </td>
    <td class="a-span10">
      <a class="a-link-normal" title="6% der Rezensionen haben 3 Sterne" href="http://www.amazon.de/product-reviews/B00BSNACII/ref=cm_cr_dp_hist_three/278-8288477-3349315?ie=UTF8&filterByStar=three_star&showViewpoints=0"><div class="a-meter" aria-label="6%"><div class="a-meter-bar" style="width: 6%;"></div></div></a>
    </td>
    <td class="a-nowrap">
      <span class="a-letter-space"></span><a class="a-link-normal" title="6% der Rezensionen haben 3 Sterne" href="http://www.amazon.de/product-reviews/B00BSNACII/ref=cm_cr_dp_hist_three/278-8288477-3349315?ie=UTF8&filterByStar=three_star&showViewpoints=0">2</a>
    </td>
  </tr>
  <tr class="a-histogram-row">
    <td class="a-nowrap">
      2 Sterne<span class="a-letter-space"></span>
    </td>
    <td class="a-span10">
      <div class="a-meter" aria-label="0%"><div class="a-meter-bar" style="width: 0%;"></div></div>      
    </td>
    <td class="a-nowrap">
      <span class="a-letter-space"></span><span>0</span>
    </td>
  </tr>
  <tr class="a-histogram-row">
    <td class="a-nowrap">
      <a class="a-link-normal" title="10% der Rezensionen haben 1 Sterne" href="http://www.amazon.de/product-reviews/B00BSNACII/ref=cm_cr_dp_hist_one/278-8288477-3349315?ie=UTF8&filterByStar=one_star&showViewpoints=0">1 Stern<span style="color:#FFFFFF">e</span></a><span class="a-letter-space"></span>      
    </td>
    <td class="a-span10">
      <a class="a-link-normal" title="10% der Rezensionen haben 1 Sterne" href="http://www.amazon.de/product-reviews/B00BSNACII/ref=cm_cr_dp_hist_one/278-8288477-3349315?ie=UTF8&filterByStar=one_star&showViewpoints=0"><div class="a-meter" aria-label="10%"><div class="a-meter-bar" style="width: 10%;"></div></div></a>
    </td>
    <td class="a-nowrap">
      <span class="a-letter-space"></span><a class="a-link-normal" title="10% der Rezensionen haben 1 Sterne" href="http://www.amazon.de/product-reviews/B00BSNACII/ref=cm_cr_dp_hist_one/278-8288477-3349315?ie=UTF8&filterByStar=one_star&showViewpoints=0">3</a>
    </td>
  </tr>
</table>

               








          
    
    <a class="a-link-emphasis a-nowrap" href="http://www.amazon.de/product-reviews/B00BSNACII/ref=cm_cr_dp_see_all_summary/278-8288477-3349315?ie=UTF8&showViewpoints=1&sortBy=helpful">Alle 31 Kundenrezensionen anzeigen</a>
    
    
  </div>
    
  <div class="a-fixed-left-grid-col a-col-right" style="padding-left:6%;*width:93.6%;float:left;">                           

    <div class="a-row a-spacing-medium">
      <span id="shareYourThoughts">
        Sagen Sie Ihre Meinung zu diesem Artikel
      </span>
    </div>
    <div class="a-row a-spacing-medium">
      <span id="summaryWriteReviewButton" class="a-button a-button-supplemental a-button-width-normal"><span class="a-button-inner"><i class="a-icon a-icon-supplemental"></i><a id="summaryWriteReviewButton-announce" href="http://www.amazon.de/review/create-review/ref=cm_cr_dp_wrt_top/278-8288477-3349315?ie=UTF8&asin=B00BSNACII&channel=detail-glance&nodeID=340846031&store=grocery" title="Kundenrezension verfassen" class="a-button-text" role="button">
        Kundenrezension verfassen
      </a></span></span>
    </div>
  </div>
  
</div></div>

            </div>
        </div>
        <div class="a-row">
          <div id="revMH" class="a-column a-span11">
            





<h3 class="a-spacing-small">Top-Kundenrezensionen</h3>
<div id="revMHRL" class="a-section"> 






















<div id="rev-dpReviewsMostHelpfulAUI-R3JVD99OYZ10L0" class="a-section celwidget"><div class="a-row a-spacing-micro"><div class="a-icon-row a-spacing-none"><a class="a-link-normal a-text-normal a-color-base" title="5.0 von 5 Sternen" href="http://www.amazon.de/review/R3JVD99OYZ10L0/ref=cm_cr_dp_title/278-8288477-3349315?ie=UTF8&ASIN=B00BSNACII&channel=detail-glance&nodeID=340846031&store=grocery"><i class="a-icon a-icon-star a-star-5"><span class="a-icon-alt">5.0 von 5 Sternen</span></i></a><span class="a-letter-space"></span><a class="a-link-normal a-text-normal a-color-base" href="http://www.amazon.de/review/R3JVD99OYZ10L0/ref=cm_cr_dp_title/278-8288477-3349315?ie=UTF8&ASIN=B00BSNACII&channel=detail-glance&nodeID=340846031&store=grocery"><span class="a-size-base a-text-bold">Chinesische Mafia?</span></a></div><span class="a-color-secondary">
    







  <span class="a-size-normal">
    <span class="a-color-secondary">
      Von
    </span>
    <a href="/gp/pdp/profile/A16278G0JB1QGC/ref=cm_cr_dp_pdp/278-8288477-3349315" class="noTextDecoration">Carlos Fernandez</a>
  </span>
<span class="a-color-secondary"> am 23. Februar 2015</span></span></div><div id="revData-dpReviewsMostHelpfulAUI-R3JVD99OYZ10L0" class="a-row a-spacing-small"><span class="a-size-mini a-color-secondary">Größe: 4 x 600g</span>





  <script type="text/javascript">
    

P.when("A").execute(function(A) {
    var jQuery         = A.$;
    function showFullReview(event) {
        event.$event.preventDefault();
        event.$target.hide();
    
        var parent = event.$target.parent().parent();
        var fullText = parent.find(".MHRHead").html() +  event.data.rest;
        var pxInitialSize = parent.height();
          
        parent.html(fullText);
        var pxTargetSize = parent.height();
        parent.height(pxInitialSize);
        parent.animate({height: pxTargetSize + 'px'}, 400, function(){parent.css("height", "auto")});
    }
    
    A.declarative("columnbalancing-showfullreview", ["click"], showFullReview);
});

  </script>

<div class="a-section">
  A. Das Produkt ist gut. Ich und meine (Oh Gott) chinesische Frau kaufen die Milch auch f&uuml;r unseren Sohn.<br>B. Wenn Sie Chinesen sehen die Babymilch kaufen, die die Milch nicht f&uuml;r sich selbst kaufen, dann steckt da nicht die chinesische Mafia dahinter, sondern meist eine Anfrage von Freunden oder Familie und die Sachen werden in 90 Prozent der F&auml;lle tats&auml;chlich zum Selbstkostenpreis nach China geschickt (wie gesagt, Freunde und Verwandte). Warum? Weil es vor ein paar Jahren in China einen Milchpulverskandal gab und seit dem das Vertrauen in die heimischen Produkte futsch ist. Um den heimischen Markt zu sch&uuml;tzen hat die chinesische Regierung hohe Z&ouml;lle auf Babynahrung gelegt. Da das Vertrauen immer noch nicht da ist, versuchen die, die es sich leisten k&ouml;nnen, sich Milchpulver aus Europa schicken zu lassen, da sie den hiesigen Marken vertrauen. In der Regel also keine Mafia, sondern nur besorgte Eltern, die das beste f&uuml;r ihr Kind wollen.<br>Ich hoffe es st&ouml;&szlig;t sich keiner an meiner Grammatik.<br>Lie&szlig;e Gr&uuml;sse<br>D.
</div>

</div>









<a class="a-link-normal comment-link commentStripe" title="0" href="http://www.amazon.de/review/R3JVD99OYZ10L0/ref=cm_cr_dp_cmt/278-8288477-3349315?ie=UTF8&ASIN=B00BSNACII&channel=detail-glance&nodeID=340846031&store=grocery#wasThisHelpful">Kommentar</a>
<i class="a-icon a-icon-text-separator commentStripe"></i>











<a id="R3JVD99OYZ10L0.2115.Helpful.Reviews"></a>
<span id="cr-vote-R3JVD99OYZ10L0" class="votingStripe">
      <span class="a-size-base a-color-secondary cr-vote-buttons">
    20 Personen fanden diese Informationen hilfreich. War diese Rezension für Sie hilfreich?
    <span class="a-letter-space"></span>
    <span class="a-declarative" data-action="cr-vote" data-cr-vote="{&quot;rootComponentId&quot;:&quot;#cr-vote-R3JVD99OYZ10L0&quot;,&quot;reviewId&quot;:&quot;R3JVD99OYZ10L0&quot;}" style="display: inline">
      <span class="a-button a-button-beside-text a-button-small yesButton votingButtonReviews"><span class="a-button-inner"><a href="http://www.amazon.de/gp/voting/cast/Reviews/2115/R3JVD99OYZ10L0/Helpful/1/ref=cm_cr_dp_voteyn_yes/278-8288477-3349315?ie=UTF8&target=aHR0cDovL3d3dy5hbWF6b24uZGUvZ3AvcHJvZHVjdC9CMDBCU05BQ0lJL3JlZj1jbV9jcl9kcHZvdGVyZHIvMjc4LTgyODg0NzctMzM0OTMxNT9pZT1VVEY4Jm09QTNKV0tBS1I4WEI3WEY&token=0313D2297AAC186BEDC2CCB4510BDBD6CEF2540D&voteAnchorName=R3JVD99OYZ10L0.2115.Helpful.Reviews&voteSessionID=278-8288477-3349315" title="Ja" class="a-button-text a-text-center" role="button">Ja </a></span></span><span class="a-button a-button-beside-text a-button-small noButton votingButtonReviews"><span class="a-button-inner"><a href="http://www.amazon.de/gp/voting/cast/Reviews/2115/R3JVD99OYZ10L0/Helpful/-1/ref=cm_cr_dp_voteyn_no/278-8288477-3349315?ie=UTF8&target=aHR0cDovL3d3dy5hbWF6b24uZGUvZ3AvcHJvZHVjdC9CMDBCU05BQ0lJL3JlZj1jbV9jcl9kcHZvdGVyZHIvMjc4LTgyODg0NzctMzM0OTMxNT9pZT1VVEY4Jm09QTNKV0tBS1I4WEI3WEY&token=65C294E8C0246E79FDF72D00C8BEF3E6C6444EAD&voteAnchorName=R3JVD99OYZ10L0.2115.Helpful.Reviews&voteSessionID=278-8288477-3349315" title="Nein" class="a-button-text a-text-center" role="button">Nein</a></span></span>
    </span>
  </span>
  <span class="a-hidden cr-vote-feedback">
    Feedback senden...
  </span>
  <div class="a-box a-alert-inline a-alert-inline-success a-hidden cr-vote-success"><div class="a-box-inner a-alert-container"><i class="a-icon a-icon-alert"></i><div class="a-alert-content">
	Vielen Dank für Ihr Feedback.
  </div></div></div>
  <div class="a-box a-alert-inline a-alert-inline-error a-hidden cr-vote-error"><div class="a-box-inner a-alert-container"><i class="a-icon a-icon-alert"></i><div class="a-alert-content">
    Wir konnten Ihre Stimmabgabe leider nicht speichern. Bitte erneut versuchen
  </div></div></div>
  <span class="a-letter-space"></span>
  <span class="a-color-base cr-vote-inapp">
    <a href="http://www.amazon.de/gp/voting/cast/Reviews/2115/R3JVD99OYZ10L0/Inappropriate/1/ref=cm_cr_dp_abuse_voteyn/278-8288477-3349315?ie=UTF8&target=aHR0cDovL3d3dy5hbWF6b24uZGUvZ3AvcHJvZHVjdC9CMDBCU05BQ0lJL3JlZj1jbV9jcl9kcF9hYnVzZV92b3RlcmRyLzI3OC04Mjg4NDc3LTMzNDkzMTU_aWU9VVRGOCZtPUEzSldLQUtSOFhCN1hG&token=A1A62F33ED4D79D6F29942BB99EDB60DD27D5E99&voteAnchorName=R3JVD99OYZ10L0.2115.Inappropriate.Reviews&voteSessionID=278-8288477-3349315" >Missbrauch melden</a>
  </span>
</span>



<div id="ocStripe-dpReviewsMostHelpfulAUI-R3JVD99OYZ10L0" class="a-row a-spacing-small officialCommentStripe"><script type='text/javascript'>
    
            if (typeof window.cr_popup_registered === 'undefined') {
                window.cr_popup_registered = true;
                P.when('A').register('cr_popup', function(A) {
                    var popWin = function(url,name,options) {
                        var ContextWindow = window.open(url,name,options);
                        ContextWindow.focus();
                        return false;
                    }

                    function popup(event) {
                        var data = event.data;
                        var toolbar = data.toolbar;
                        if (typeof toolbar === 'undefined') {
                            toolbar = 0;
                        }
                        var jqEvent = event.$event;
                        var url = event.$target.closest('a').attr('href');
                        popWin(url,data.title,'width=' + data.width + ',height=' + data.height + ',resizable=1,scrollbars=1,toolbar=' + toolbar + ',status=1');
                        jqEvent.preventDefault();
                    }
                    A.declarative('cr-popup', ['click'], popup);
                });
            }
         
</script></div></div>

<div id="rev-dpReviewsMostHelpfulAUI-R3MSD0LK5S8BL7" class="a-section celwidget"><div class="a-row a-spacing-micro"><div class="a-icon-row a-spacing-none"><a class="a-link-normal a-text-normal a-color-base" title="5.0 von 5 Sternen" href="http://www.amazon.de/review/R3MSD0LK5S8BL7/ref=cm_cr_dp_title/278-8288477-3349315?ie=UTF8&ASIN=B00BSNACII&channel=detail-glance&nodeID=340846031&store=grocery"><i class="a-icon a-icon-star a-star-5"><span class="a-icon-alt">5.0 von 5 Sternen</span></i></a><span class="a-letter-space"></span><a class="a-link-normal a-text-normal a-color-base" href="http://www.amazon.de/review/R3MSD0LK5S8BL7/ref=cm_cr_dp_title/278-8288477-3349315?ie=UTF8&ASIN=B00BSNACII&channel=detail-glance&nodeID=340846031&store=grocery"><span class="a-size-base a-text-bold">aptamil</span></a></div><span class="a-color-secondary">







  <span class="a-size-normal">
    <span class="a-color-secondary">
      Von
    </span>
    <a href="/gp/pdp/profile/A3TGL1AOCAXN0/ref=cm_cr_dp_pdp/278-8288477-3349315" class="noTextDecoration">Alois Laurenz</a>
  </span>
<span class="a-color-secondary"> am 4. Mai 2016</span></span></div><div id="revData-dpReviewsMostHelpfulAUI-R3MSD0LK5S8BL7" class="a-row a-spacing-small"><span class="a-size-mini a-color-secondary">Größe: 4 x 600g</span>






<div class="a-section">
  F&uuml;r eine gesunde Zukunft Ihres Kindes<br>  Aptamil Kindermilch 1+ eignet sich f&uuml;r Kleinkinder ab 1 Jahr als Milchgetr&auml;nk zum Fr&uuml;hst&uuml;ck, Abendessen oder f&uuml;r zwischendurch<br>  Rezeptur entspricht den neuesten Empfehlungen zur Zusammensetzung<br>  mit Vitamin A, C & D - tr&auml;gt auf nat&uuml;rliche Weise zu einem gesunden Immunsystem bei<br>  mit Vitamin D und Calcium - f&uuml;r das normale Wachstum und die Entwicklung der Knochen und mit altersgerecht reduziertem Eiwei&szlig;gehalt
</div>

</div>









<a class="a-link-normal comment-link commentStripe" title="0" href="http://www.amazon.de/review/R3MSD0LK5S8BL7/ref=cm_cr_dp_cmt/278-8288477-3349315?ie=UTF8&ASIN=B00BSNACII&channel=detail-glance&nodeID=340846031&store=grocery#wasThisHelpful">Kommentar</a>
<i class="a-icon a-icon-text-separator commentStripe"></i>









<script type='text/javascript'>
  


  
P.when("A").execute(function(A) {
   
   function vote(event) {
     var root = A.$(event.data.rootComponentId);
     var target = event.$target;
     root.find(".cr-vote-buttons").addClass("a-hidden");
     root.find(".cr-vote-feedback").removeClass("a-hidden");
       
     A.get(target.attr("href") + "&type=json&_=" + (new Date()).getTime(),
     {
	   dataType: 'json',
	   ajaxTimeout: 10000,
	   success: function(data, textStatus){ 
         success(data, root, target);
       },
	   error: function(XMLHttpRequest, textStatus, errorThrown){
         error(root, target);
       }
	 });
     event.$event.preventDefault();

   }

   function isNoButton(target) {       
     return target.closest(".noButton").length > 0;
   }

   function success(data, root, target) {
       if (data.redirect == 1) {
	   window.location.href = target.attr("href");
       } else if (data.error == 1) {
	   error(root, target);
       } else {
	   root.find(".cr-vote-success").removeClass("a-hidden");	   
	   root.find(".cr-vote-feedback").addClass("a-hidden");
       }
   }

   function error(root, target) {
       root.find(".cr-vote-error").removeClass("a-hidden");	   
       root.find(".cr-vote-feedback").addClass("a-hidden");
   }

   A.declarative("cr-vote", ["click"], vote);
});


</script>

<a id="R3MSD0LK5S8BL7.2115.Helpful.Reviews"></a>
<span id="cr-vote-R3MSD0LK5S8BL7" class="votingStripe">
      <span class="cr-vote-buttons">
    War diese Rezension für Sie hilfreich?
    <span class="a-letter-space"></span>
    <span class="a-declarative" data-action="cr-vote" data-cr-vote="{&quot;rootComponentId&quot;:&quot;#cr-vote-R3MSD0LK5S8BL7&quot;,&quot;reviewId&quot;:&quot;R3MSD0LK5S8BL7&quot;}" style="display: inline">
      <span class="a-button a-button-beside-text a-button-small yesButton votingButtonReviews"><span class="a-button-inner"><a href="http://www.amazon.de/gp/voting/cast/Reviews/2115/R3MSD0LK5S8BL7/Helpful/1/ref=cm_cr_dp_voteyn_yes/278-8288477-3349315?ie=UTF8&target=aHR0cDovL3d3dy5hbWF6b24uZGUvZ3AvcHJvZHVjdC9CMDBCU05BQ0lJL3JlZj1jbV9jcl9kcHZvdGVyZHIvMjc4LTgyODg0NzctMzM0OTMxNT9pZT1VVEY4Jm09QTNKV0tBS1I4WEI3WEY&token=4BBF12CA8244590799D54349A881E27962B5D7C4&voteAnchorName=R3MSD0LK5S8BL7.2115.Helpful.Reviews&voteSessionID=278-8288477-3349315" title="Ja" class="a-button-text a-text-center" role="button">Ja </a></span></span><span class="a-button a-button-beside-text a-button-small noButton votingButtonReviews"><span class="a-button-inner"><a href="http://www.amazon.de/gp/voting/cast/Reviews/2115/R3MSD0LK5S8BL7/Helpful/-1/ref=cm_cr_dp_voteyn_no/278-8288477-3349315?ie=UTF8&target=aHR0cDovL3d3dy5hbWF6b24uZGUvZ3AvcHJvZHVjdC9CMDBCU05BQ0lJL3JlZj1jbV9jcl9kcHZvdGVyZHIvMjc4LTgyODg0NzctMzM0OTMxNT9pZT1VVEY4Jm09QTNKV0tBS1I4WEI3WEY&token=7C825AC3433294F62EB72D0696D4E9390D263D2A&voteAnchorName=R3MSD0LK5S8BL7.2115.Helpful.Reviews&voteSessionID=278-8288477-3349315" title="Nein" class="a-button-text a-text-center" role="button">Nein</a></span></span>
    </span>
  </span>
  <span class="a-hidden cr-vote-feedback">
    Feedback senden...
  </span>
  <div class="a-box a-alert-inline a-alert-inline-success a-hidden cr-vote-success"><div class="a-box-inner a-alert-container"><i class="a-icon a-icon-alert"></i><div class="a-alert-content">
	Vielen Dank für Ihr Feedback.
  </div></div></div>
  <div class="a-box a-alert-inline a-alert-inline-error a-hidden cr-vote-error"><div class="a-box-inner a-alert-container"><i class="a-icon a-icon-alert"></i><div class="a-alert-content">
    Wir konnten Ihre Stimmabgabe leider nicht speichern. Bitte erneut versuchen
  </div></div></div>
  <span class="a-letter-space"></span>
  <span class="a-color-base cr-vote-inapp">
    <a href="http://www.amazon.de/gp/voting/cast/Reviews/2115/R3MSD0LK5S8BL7/Inappropriate/1/ref=cm_cr_dp_abuse_voteyn/278-8288477-3349315?ie=UTF8&target=aHR0cDovL3d3dy5hbWF6b24uZGUvZ3AvcHJvZHVjdC9CMDBCU05BQ0lJL3JlZj1jbV9jcl9kcF9hYnVzZV92b3RlcmRyLzI3OC04Mjg4NDc3LTMzNDkzMTU_aWU9VVRGOCZtPUEzSldLQUtSOFhCN1hG&token=C91597CBC3108C0AA740C6973D346B2A648E36B4&voteAnchorName=R3MSD0LK5S8BL7.2115.Inappropriate.Reviews&voteSessionID=278-8288477-3349315" >Missbrauch melden</a>
  </span>
</span>



</div>






<div id="rev-dpReviewsMostHelpfulAUI-RGA601Y4XGDFT" class="a-section celwidget"><div class="a-row a-spacing-micro"><div class="a-icon-row a-spacing-none"><a class="a-link-normal a-text-normal a-color-base" title="1.0 von 5 Sternen" href="http://www.amazon.de/review/RGA601Y4XGDFT/ref=cm_cr_dp_title/278-8288477-3349315?ie=UTF8&ASIN=B00BSNACII&channel=detail-glance&nodeID=340846031&store=grocery"><i class="a-icon a-icon-star a-star-1"><span class="a-icon-alt">1.0 von 5 Sternen</span></i></a><span class="a-letter-space"></span><a class="a-link-normal a-text-normal a-color-base" href="http://www.amazon.de/review/RGA601Y4XGDFT/ref=cm_cr_dp_title/278-8288477-3349315?ie=UTF8&ASIN=B00BSNACII&channel=detail-glance&nodeID=340846031&store=grocery"><span class="a-size-base a-text-bold">expensive and Shelf life only until March,2016</span></a></div><span class="a-color-secondary">







  <span class="a-size-normal">
    <span class="a-color-secondary">
      Von
    </span>
    <a href="/gp/pdp/profile/AJGNKJT4D7J72/ref=cm_cr_dp_pdp/278-8288477-3349315" class="noTextDecoration">Amazon Customer</a>
  </span>
<span class="a-color-secondary"> am 24. November 2015</span></span></div><div id="revData-dpReviewsMostHelpfulAUI-RGA601Y4XGDFT" class="a-row a-spacing-small"><span class="a-size-mini a-color-secondary">Größe: 12 x 600g</span>






<div class="a-section">
  It's more expensive than Amazon.de, and it's very annoying that  shelf life only until March,2016!!! Only three months,three months,12 Pack!
</div>

</div>









<a class="a-link-normal comment-link commentStripe" title="0" href="http://www.amazon.de/review/RGA601Y4XGDFT/ref=cm_cr_dp_cmt/278-8288477-3349315?ie=UTF8&ASIN=B00LTPUMJ4&channel=detail-glance&nodeID=340846031&store=grocery#wasThisHelpful">Kommentar</a>
<i class="a-icon a-icon-text-separator commentStripe"></i>









<script type='text/javascript'>
  


  
P.when("A").execute(function(A) {
   
   function vote(event) {
     var root = A.$(event.data.rootComponentId);
     var target = event.$target;
     root.find(".cr-vote-buttons").addClass("a-hidden");
     root.find(".cr-vote-feedback").removeClass("a-hidden");
       
     A.get(target.attr("href") + "&type=json&_=" + (new Date()).getTime(),
     {
	   dataType: 'json',
	   ajaxTimeout: 10000,
	   success: function(data, textStatus){ 
         success(data, root, target);
       },
	   error: function(XMLHttpRequest, textStatus, errorThrown){
         error(root, target);
       }
	 });
     event.$event.preventDefault();

   }

   function isNoButton(target) {       
     return target.closest(".noButton").length > 0;
   }

   function success(data, root, target) {
       if (data.redirect == 1) {
	   window.location.href = target.attr("href");
       } else if (data.error == 1) {
	   error(root, target);
       } else {
	   root.find(".cr-vote-success").removeClass("a-hidden");	   
	   root.find(".cr-vote-feedback").addClass("a-hidden");
       }
   }

   function error(root, target) {
       root.find(".cr-vote-error").removeClass("a-hidden");	   
       root.find(".cr-vote-feedback").addClass("a-hidden");
   }

   A.declarative("cr-vote", ["click"], vote);
});


</script>

<a id="RGA601Y4XGDFT.2115.Helpful.Reviews"></a>
<span id="cr-vote-RGA601Y4XGDFT" class="votingStripe">
      <span class="a-size-base a-color-secondary cr-vote-buttons">
    3 Personen fanden diese Informationen hilfreich. War diese Rezension für Sie hilfreich?
    <span class="a-letter-space"></span>
    <span class="a-declarative" data-action="cr-vote" data-cr-vote="{&quot;rootComponentId&quot;:&quot;#cr-vote-RGA601Y4XGDFT&quot;,&quot;reviewId&quot;:&quot;RGA601Y4XGDFT&quot;}" style="display: inline">
      <span class="a-button a-button-beside-text a-button-small yesButton votingButtonReviews"><span class="a-button-inner"><a href="http://www.amazon.de/gp/voting/cast/Reviews/2115/RGA601Y4XGDFT/Helpful/1/ref=cm_cr_dp_voteyn_yes/278-8288477-3349315?ie=UTF8&target=aHR0cDovL3d3dy5hbWF6b24uZGUvZ3AvcHJvZHVjdC9CMDBCU05BQ0lJL3JlZj1jbV9jcl9kcHZvdGVyZHIvMjc4LTgyODg0NzctMzM0OTMxNT9pZT1VVEY4Jm09QTNKV0tBS1I4WEI3WEY&token=4FF1122E3836BAF1BB49EB4F03A770970FEE848D&voteAnchorName=RGA601Y4XGDFT.2115.Helpful.Reviews&voteSessionID=278-8288477-3349315" title="Ja" class="a-button-text a-text-center" role="button">Ja </a></span></span><span class="a-button a-button-beside-text a-button-small noButton votingButtonReviews"><span class="a-button-inner"><a href="http://www.amazon.de/gp/voting/cast/Reviews/2115/RGA601Y4XGDFT/Helpful/-1/ref=cm_cr_dp_voteyn_no/278-8288477-3349315?ie=UTF8&target=aHR0cDovL3d3dy5hbWF6b24uZGUvZ3AvcHJvZHVjdC9CMDBCU05BQ0lJL3JlZj1jbV9jcl9kcHZvdGVyZHIvMjc4LTgyODg0NzctMzM0OTMxNT9pZT1VVEY4Jm09QTNKV0tBS1I4WEI3WEY&token=26F9CBAFD3458444E95F7B757BCF527DA5239645&voteAnchorName=RGA601Y4XGDFT.2115.Helpful.Reviews&voteSessionID=278-8288477-3349315" title="Nein" class="a-button-text a-text-center" role="button">Nein</a></span></span>
    </span>
  </span>
  <span class="a-hidden cr-vote-feedback">
    Feedback senden...
  </span>
  <div class="a-box a-alert-inline a-alert-inline-success a-hidden cr-vote-success"><div class="a-box-inner a-alert-container"><i class="a-icon a-icon-alert"></i><div class="a-alert-content">
	Vielen Dank für Ihr Feedback.
  </div></div></div>
  <div class="a-box a-alert-inline a-alert-inline-error a-hidden cr-vote-error"><div class="a-box-inner a-alert-container"><i class="a-icon a-icon-alert"></i><div class="a-alert-content">
    Wir konnten Ihre Stimmabgabe leider nicht speichern. Bitte erneut versuchen
  </div></div></div>
  <span class="a-letter-space"></span>
  <span class="a-color-base cr-vote-inapp">
    <a href="http://www.amazon.de/gp/voting/cast/Reviews/2115/RGA601Y4XGDFT/Inappropriate/1/ref=cm_cr_dp_abuse_voteyn/278-8288477-3349315?ie=UTF8&target=aHR0cDovL3d3dy5hbWF6b24uZGUvZ3AvcHJvZHVjdC9CMDBCU05BQ0lJL3JlZj1jbV9jcl9kcF9hYnVzZV92b3RlcmRyLzI3OC04Mjg4NDc3LTMzNDkzMTU_aWU9VVRGOCZtPUEzSldLQUtSOFhCN1hG&token=5A0DBC22572CDC203886EDB6D526922C0E8C5B3B&voteAnchorName=RGA601Y4XGDFT.2115.Inappropriate.Reviews&voteSessionID=278-8288477-3349315" >Missbrauch melden</a>
  </span>
</span>



</div>

<div id="rev-dpReviewsMostHelpfulAUI-R3IWZQAG5VVO4J" class="a-section celwidget"><div class="a-row a-spacing-micro"><div class="a-icon-row a-spacing-none"><a class="a-link-normal a-text-normal a-color-base" title="5.0 von 5 Sternen" href="http://www.amazon.de/review/R3IWZQAG5VVO4J/ref=cm_cr_dp_title/278-8288477-3349315?ie=UTF8&ASIN=B00BSNACII&channel=detail-glance&nodeID=340846031&store=grocery"><i class="a-icon a-icon-star a-star-5"><span class="a-icon-alt">5.0 von 5 Sternen</span></i></a><span class="a-letter-space"></span><a class="a-link-normal a-text-normal a-color-base" href="http://www.amazon.de/review/R3IWZQAG5VVO4J/ref=cm_cr_dp_title/278-8288477-3349315?ie=UTF8&ASIN=B00BSNACII&channel=detail-glance&nodeID=340846031&store=grocery"><span class="a-size-base a-text-bold">price is good and the quality is nice , it is cheap than China , will buy again if the px is suitable</span></a></div><span class="a-color-secondary">







  <span class="a-size-normal">
    <span class="a-color-secondary">
      Von
    </span>
    <a href="/gp/pdp/profile/A3AEIM5G622N9F/ref=cm_cr_dp_pdp/278-8288477-3349315" class="noTextDecoration">Amazon Kunde</a>
  </span>
<span class="a-color-secondary"> am 20. Mai 2016</span></span></div><div id="revData-dpReviewsMostHelpfulAUI-R3IWZQAG5VVO4J" class="a-row a-spacing-small"><span class="a-size-mini a-color-secondary">Größe: 4 x 600g<i class="a-icon a-icon-text-separator"></i></span><span class="a-size-mini a-color-state a-text-bold">
    Verifizierter Kauf
  </span>






<div class="a-section">
  price is good and the quality is nice , it is cheap than China , will buy again if the px is suitable
</div>

</div>









<a class="a-link-normal comment-link commentStripe" title="0" href="http://www.amazon.de/review/R3IWZQAG5VVO4J/ref=cm_cr_dp_cmt/278-8288477-3349315?ie=UTF8&ASIN=B00BSNACII&channel=detail-glance&nodeID=340846031&store=grocery#wasThisHelpful">Kommentar</a>
<i class="a-icon a-icon-text-separator commentStripe"></i>









<script type='text/javascript'>
  


  
P.when("A").execute(function(A) {
   
   function vote(event) {
     var root = A.$(event.data.rootComponentId);
     var target = event.$target;
     root.find(".cr-vote-buttons").addClass("a-hidden");
     root.find(".cr-vote-feedback").removeClass("a-hidden");
       
     A.get(target.attr("href") + "&type=json&_=" + (new Date()).getTime(),
     {
	   dataType: 'json',
	   ajaxTimeout: 10000,
	   success: function(data, textStatus){ 
         success(data, root, target);
       },
	   error: function(XMLHttpRequest, textStatus, errorThrown){
         error(root, target);
       }
	 });
     event.$event.preventDefault();

   }

   function isNoButton(target) {       
     return target.closest(".noButton").length > 0;
   }

   function success(data, root, target) {
       if (data.redirect == 1) {
	   window.location.href = target.attr("href");
       } else if (data.error == 1) {
	   error(root, target);
       } else {
	   root.find(".cr-vote-success").removeClass("a-hidden");	   
	   root.find(".cr-vote-feedback").addClass("a-hidden");
       }
   }

   function error(root, target) {
       root.find(".cr-vote-error").removeClass("a-hidden");	   
       root.find(".cr-vote-feedback").addClass("a-hidden");
   }

   A.declarative("cr-vote", ["click"], vote);
});


</script>

<a id="R3IWZQAG5VVO4J.2115.Helpful.Reviews"></a>
<span id="cr-vote-R3IWZQAG5VVO4J" class="votingStripe">
      <span class="cr-vote-buttons">
    War diese Rezension für Sie hilfreich?
    <span class="a-letter-space"></span>
    <span class="a-declarative" data-action="cr-vote" data-cr-vote="{&quot;rootComponentId&quot;:&quot;#cr-vote-R3IWZQAG5VVO4J&quot;,&quot;reviewId&quot;:&quot;R3IWZQAG5VVO4J&quot;}" style="display: inline">
      <span class="a-button a-button-beside-text a-button-small yesButton votingButtonReviews"><span class="a-button-inner"><a href="http://www.amazon.de/gp/voting/cast/Reviews/2115/R3IWZQAG5VVO4J/Helpful/1/ref=cm_cr_dp_voteyn_yes/278-8288477-3349315?ie=UTF8&target=aHR0cDovL3d3dy5hbWF6b24uZGUvZ3AvcHJvZHVjdC9CMDBCU05BQ0lJL3JlZj1jbV9jcl9kcHZvdGVyZHIvMjc4LTgyODg0NzctMzM0OTMxNT9pZT1VVEY4Jm09QTNKV0tBS1I4WEI3WEY&token=0F0A598BCFAC9D14EE3C8BA1BAC3ABE3009BD8BF&voteAnchorName=R3IWZQAG5VVO4J.2115.Helpful.Reviews&voteSessionID=278-8288477-3349315" title="Ja" class="a-button-text a-text-center" role="button">Ja </a></span></span><span class="a-button a-button-beside-text a-button-small noButton votingButtonReviews"><span class="a-button-inner"><a href="http://www.amazon.de/gp/voting/cast/Reviews/2115/R3IWZQAG5VVO4J/Helpful/-1/ref=cm_cr_dp_voteyn_no/278-8288477-3349315?ie=UTF8&target=aHR0cDovL3d3dy5hbWF6b24uZGUvZ3AvcHJvZHVjdC9CMDBCU05BQ0lJL3JlZj1jbV9jcl9kcHZvdGVyZHIvMjc4LTgyODg0NzctMzM0OTMxNT9pZT1VVEY4Jm09QTNKV0tBS1I4WEI3WEY&token=0DCA2EE518BCCCFD6EC18E8E4C5133FE00F00DD8&voteAnchorName=R3IWZQAG5VVO4J.2115.Helpful.Reviews&voteSessionID=278-8288477-3349315" title="Nein" class="a-button-text a-text-center" role="button">Nein</a></span></span>
    </span>
  </span>
  <span class="a-hidden cr-vote-feedback">
    Feedback senden...
  </span>
  <div class="a-box a-alert-inline a-alert-inline-success a-hidden cr-vote-success"><div class="a-box-inner a-alert-container"><i class="a-icon a-icon-alert"></i><div class="a-alert-content">
	Vielen Dank für Ihr Feedback.
  </div></div></div>
  <div class="a-box a-alert-inline a-alert-inline-error a-hidden cr-vote-error"><div class="a-box-inner a-alert-container"><i class="a-icon a-icon-alert"></i><div class="a-alert-content">
    Wir konnten Ihre Stimmabgabe leider nicht speichern. Bitte erneut versuchen
  </div></div></div>
  <span class="a-letter-space"></span>
  <span class="a-color-base cr-vote-inapp">
    <a href="http://www.amazon.de/gp/voting/cast/Reviews/2115/R3IWZQAG5VVO4J/Inappropriate/1/ref=cm_cr_dp_abuse_voteyn/278-8288477-3349315?ie=UTF8&target=aHR0cDovL3d3dy5hbWF6b24uZGUvZ3AvcHJvZHVjdC9CMDBCU05BQ0lJL3JlZj1jbV9jcl9kcF9hYnVzZV92b3RlcmRyLzI3OC04Mjg4NDc3LTMzNDkzMTU_aWU9VVRGOCZtPUEzSldLQUtSOFhCN1hG&token=DC92C372761AEEC9E8F49BF716C456F69A58545F&voteAnchorName=R3IWZQAG5VVO4J.2115.Inappropriate.Reviews&voteSessionID=278-8288477-3349315" >Missbrauch melden</a>
  </span>
</span>



</div>

<div id="rev-dpReviewsMostHelpfulAUI-R8PL2ROM1VA4A" class="a-section celwidget"><div class="a-row a-spacing-micro"><div class="a-icon-row a-spacing-none"><a class="a-link-normal a-text-normal a-color-base" title="5.0 von 5 Sternen" href="http://www.amazon.de/review/R8PL2ROM1VA4A/ref=cm_cr_dp_title/278-8288477-3349315?ie=UTF8&ASIN=B00BSNACII&channel=detail-glance&nodeID=340846031&store=grocery"><i class="a-icon a-icon-star a-star-5"><span class="a-icon-alt">5.0 von 5 Sternen</span></i></a><span class="a-letter-space"></span><a class="a-link-normal a-text-normal a-color-base" href="http://www.amazon.de/review/R8PL2ROM1VA4A/ref=cm_cr_dp_title/278-8288477-3349315?ie=UTF8&ASIN=B00BSNACII&channel=detail-glance&nodeID=340846031&store=grocery"><span class="a-size-base a-text-bold">Aptamil Kindermilch 1+ ab 1 Jahr, 4er Pack (4... AptamilSehr gut</span></a></div><span class="a-color-secondary">







  <span class="a-size-normal">
    <span class="a-color-secondary">
      Von
    </span>
    <a href="/gp/pdp/profile/A2UO3288P59IUI/ref=cm_cr_dp_pdp/278-8288477-3349315" class="noTextDecoration">Amazon Kunde</a>
  </span>
<span class="a-color-secondary"> am 4. Dezember 2015</span></span></div><div id="revData-dpReviewsMostHelpfulAUI-R8PL2ROM1VA4A" class="a-row a-spacing-small"><span class="a-size-mini a-color-secondary">Größe: 4 x 600g<i class="a-icon a-icon-text-separator"></i></span><span class="a-size-mini a-color-state a-text-bold">
    Verifizierter Kauf
  </span>






<div class="a-section">
  Aptamil Kindermilch 1+ ab 1 Jahr, 4er Pack (4... AptamilSehr gut&#65292;<br>Das n&auml;chste mal Kommen.  5 von Aptamil Profutura 2 Folgemilch nach dem 6. Monat, 4er Pack (4 x 800 g)<br>Verkauf durch: Amazon EU S.a.r.L.
</div>

</div>









<a class="a-link-normal comment-link commentStripe" title="0" href="http://www.amazon.de/review/R8PL2ROM1VA4A/ref=cm_cr_dp_cmt/278-8288477-3349315?ie=UTF8&ASIN=B00BSNACII&channel=detail-glance&nodeID=340846031&store=grocery#wasThisHelpful">Kommentar</a>
<i class="a-icon a-icon-text-separator commentStripe"></i>









<script type='text/javascript'>
  


  
P.when("A").execute(function(A) {
   
   function vote(event) {
     var root = A.$(event.data.rootComponentId);
     var target = event.$target;
     root.find(".cr-vote-buttons").addClass("a-hidden");
     root.find(".cr-vote-feedback").removeClass("a-hidden");
       
     A.get(target.attr("href") + "&type=json&_=" + (new Date()).getTime(),
     {
	   dataType: 'json',
	   ajaxTimeout: 10000,
	   success: function(data, textStatus){ 
         success(data, root, target);
       },
	   error: function(XMLHttpRequest, textStatus, errorThrown){
         error(root, target);
       }
	 });
     event.$event.preventDefault();

   }

   function isNoButton(target) {       
     return target.closest(".noButton").length > 0;
   }

   function success(data, root, target) {
       if (data.redirect == 1) {
	   window.location.href = target.attr("href");
       } else if (data.error == 1) {
	   error(root, target);
       } else {
	   root.find(".cr-vote-success").removeClass("a-hidden");	   
	   root.find(".cr-vote-feedback").addClass("a-hidden");
       }
   }

   function error(root, target) {
       root.find(".cr-vote-error").removeClass("a-hidden");	   
       root.find(".cr-vote-feedback").addClass("a-hidden");
   }

   A.declarative("cr-vote", ["click"], vote);
});


</script>

<a id="R8PL2ROM1VA4A.2115.Helpful.Reviews"></a>
<span id="cr-vote-R8PL2ROM1VA4A" class="votingStripe">
      <span class="a-size-base a-color-secondary cr-vote-buttons">
    Eine Person fand diese Informationen hilfreich. War diese Rezension für Sie hilfreich?
    <span class="a-letter-space"></span>
    <span class="a-declarative" data-action="cr-vote" data-cr-vote="{&quot;rootComponentId&quot;:&quot;#cr-vote-R8PL2ROM1VA4A&quot;,&quot;reviewId&quot;:&quot;R8PL2ROM1VA4A&quot;}" style="display: inline">
      <span class="a-button a-button-beside-text a-button-small yesButton votingButtonReviews"><span class="a-button-inner"><a href="http://www.amazon.de/gp/voting/cast/Reviews/2115/R8PL2ROM1VA4A/Helpful/1/ref=cm_cr_dp_voteyn_yes/278-8288477-3349315?ie=UTF8&target=aHR0cDovL3d3dy5hbWF6b24uZGUvZ3AvcHJvZHVjdC9CMDBCU05BQ0lJL3JlZj1jbV9jcl9kcHZvdGVyZHIvMjc4LTgyODg0NzctMzM0OTMxNT9pZT1VVEY4Jm09QTNKV0tBS1I4WEI3WEY&token=DE97378D5B050532AA1D27DAD933E285BD19D287&voteAnchorName=R8PL2ROM1VA4A.2115.Helpful.Reviews&voteSessionID=278-8288477-3349315" title="Ja" class="a-button-text a-text-center" role="button">Ja </a></span></span><span class="a-button a-button-beside-text a-button-small noButton votingButtonReviews"><span class="a-button-inner"><a href="http://www.amazon.de/gp/voting/cast/Reviews/2115/R8PL2ROM1VA4A/Helpful/-1/ref=cm_cr_dp_voteyn_no/278-8288477-3349315?ie=UTF8&target=aHR0cDovL3d3dy5hbWF6b24uZGUvZ3AvcHJvZHVjdC9CMDBCU05BQ0lJL3JlZj1jbV9jcl9kcHZvdGVyZHIvMjc4LTgyODg0NzctMzM0OTMxNT9pZT1VVEY4Jm09QTNKV0tBS1I4WEI3WEY&token=16BBB4F72CE1C9EF52A5097D799BAE2DC146FF19&voteAnchorName=R8PL2ROM1VA4A.2115.Helpful.Reviews&voteSessionID=278-8288477-3349315" title="Nein" class="a-button-text a-text-center" role="button">Nein</a></span></span>
    </span>
  </span>
  <span class="a-hidden cr-vote-feedback">
    Feedback senden...
  </span>
  <div class="a-box a-alert-inline a-alert-inline-success a-hidden cr-vote-success"><div class="a-box-inner a-alert-container"><i class="a-icon a-icon-alert"></i><div class="a-alert-content">
	Vielen Dank für Ihr Feedback.
  </div></div></div>
  <div class="a-box a-alert-inline a-alert-inline-error a-hidden cr-vote-error"><div class="a-box-inner a-alert-container"><i class="a-icon a-icon-alert"></i><div class="a-alert-content">
    Wir konnten Ihre Stimmabgabe leider nicht speichern. Bitte erneut versuchen
  </div></div></div>
  <span class="a-letter-space"></span>
  <span class="a-color-base cr-vote-inapp">
    <a href="http://www.amazon.de/gp/voting/cast/Reviews/2115/R8PL2ROM1VA4A/Inappropriate/1/ref=cm_cr_dp_abuse_voteyn/278-8288477-3349315?ie=UTF8&target=aHR0cDovL3d3dy5hbWF6b24uZGUvZ3AvcHJvZHVjdC9CMDBCU05BQ0lJL3JlZj1jbV9jcl9kcF9hYnVzZV92b3RlcmRyLzI3OC04Mjg4NDc3LTMzNDkzMTU_aWU9VVRGOCZtPUEzSldLQUtSOFhCN1hG&token=427F6AB5C5A473D77001B7DF009DA40652F38B7A&voteAnchorName=R8PL2ROM1VA4A.2115.Inappropriate.Reviews&voteSessionID=278-8288477-3349315" >Missbrauch melden</a>
  </span>
</span>



</div>

<div id="rev-dpReviewsMostHelpfulAUI-R5Z3YHXQ460VW" class="a-section celwidget"><div class="a-row a-spacing-micro"><div class="a-icon-row a-spacing-none"><a class="a-link-normal a-text-normal a-color-base" title="4.0 von 5 Sternen" href="http://www.amazon.de/review/R5Z3YHXQ460VW/ref=cm_cr_dp_title/278-8288477-3349315?ie=UTF8&ASIN=B00BSNACII&channel=detail-glance&nodeID=340846031&store=grocery"><i class="a-icon a-icon-star a-star-4"><span class="a-icon-alt">4.0 von 5 Sternen</span></i></a><span class="a-letter-space"></span><a class="a-link-normal a-text-normal a-color-base" href="http://www.amazon.de/review/R5Z3YHXQ460VW/ref=cm_cr_dp_title/278-8288477-3349315?ie=UTF8&ASIN=B00BSNACII&channel=detail-glance&nodeID=340846031&store=grocery"><span class="a-size-base a-text-bold">sehr gut aptamail</span></a></div><span class="a-color-secondary">







  <span class="a-size-normal">
    <span class="a-color-secondary">
      Von
    </span>
    <a href="/gp/pdp/profile/A1F0D918CZ5YKK/ref=cm_cr_dp_pdp/278-8288477-3349315" class="noTextDecoration">Amazon Kunde</a>
  </span>
<span class="a-color-secondary"> am 14. Dezember 2015</span></span></div><div id="revData-dpReviewsMostHelpfulAUI-R5Z3YHXQ460VW" class="a-row a-spacing-small"><span class="a-size-mini a-color-secondary">Größe: 4 x 600g<i class="a-icon a-icon-text-separator"></i></span><span class="a-size-mini a-color-state a-text-bold">
    Verifizierter Kauf
  </span>






<div class="a-section">
  Es ist sehr gut. Und gef&auml;llt es mir sehr gern. wird ich noch mal kaufen.<br><br>Ich werde immer kaufen.Achten Sie auf eine gute Baby .sieht gut aus.Ich werde meine Freunde vorstellen, um zusammen zu kaufen.
</div>

</div>









<a class="a-link-normal comment-link commentStripe" title="0" href="http://www.amazon.de/review/R5Z3YHXQ460VW/ref=cm_cr_dp_cmt/278-8288477-3349315?ie=UTF8&ASIN=B00BSNACII&channel=detail-glance&nodeID=340846031&store=grocery#wasThisHelpful">Kommentar</a>
<i class="a-icon a-icon-text-separator commentStripe"></i>









<script type='text/javascript'>
  


  
P.when("A").execute(function(A) {
   
   function vote(event) {
     var root = A.$(event.data.rootComponentId);
     var target = event.$target;
     root.find(".cr-vote-buttons").addClass("a-hidden");
     root.find(".cr-vote-feedback").removeClass("a-hidden");
       
     A.get(target.attr("href") + "&type=json&_=" + (new Date()).getTime(),
     {
	   dataType: 'json',
	   ajaxTimeout: 10000,
	   success: function(data, textStatus){ 
         success(data, root, target);
       },
	   error: function(XMLHttpRequest, textStatus, errorThrown){
         error(root, target);
       }
	 });
     event.$event.preventDefault();

   }

   function isNoButton(target) {       
     return target.closest(".noButton").length > 0;
   }

   function success(data, root, target) {
       if (data.redirect == 1) {
	   window.location.href = target.attr("href");
       } else if (data.error == 1) {
	   error(root, target);
       } else {
	   root.find(".cr-vote-success").removeClass("a-hidden");	   
	   root.find(".cr-vote-feedback").addClass("a-hidden");
       }
   }

   function error(root, target) {
       root.find(".cr-vote-error").removeClass("a-hidden");	   
       root.find(".cr-vote-feedback").addClass("a-hidden");
   }

   A.declarative("cr-vote", ["click"], vote);
});


</script>

<a id="R5Z3YHXQ460VW.2115.Helpful.Reviews"></a>
<span id="cr-vote-R5Z3YHXQ460VW" class="votingStripe">
      <span class="cr-vote-buttons">
    War diese Rezension für Sie hilfreich?
    <span class="a-letter-space"></span>
    <span class="a-declarative" data-action="cr-vote" data-cr-vote="{&quot;rootComponentId&quot;:&quot;#cr-vote-R5Z3YHXQ460VW&quot;,&quot;reviewId&quot;:&quot;R5Z3YHXQ460VW&quot;}" style="display: inline">
      <span class="a-button a-button-beside-text a-button-small yesButton votingButtonReviews"><span class="a-button-inner"><a href="http://www.amazon.de/gp/voting/cast/Reviews/2115/R5Z3YHXQ460VW/Helpful/1/ref=cm_cr_dp_voteyn_yes/278-8288477-3349315?ie=UTF8&target=aHR0cDovL3d3dy5hbWF6b24uZGUvZ3AvcHJvZHVjdC9CMDBCU05BQ0lJL3JlZj1jbV9jcl9kcHZvdGVyZHIvMjc4LTgyODg0NzctMzM0OTMxNT9pZT1VVEY4Jm09QTNKV0tBS1I4WEI3WEY&token=7CAA3CF0890A41D4F467721ACF8A68D06CE3C4AA&voteAnchorName=R5Z3YHXQ460VW.2115.Helpful.Reviews&voteSessionID=278-8288477-3349315" title="Ja" class="a-button-text a-text-center" role="button">Ja </a></span></span><span class="a-button a-button-beside-text a-button-small noButton votingButtonReviews"><span class="a-button-inner"><a href="http://www.amazon.de/gp/voting/cast/Reviews/2115/R5Z3YHXQ460VW/Helpful/-1/ref=cm_cr_dp_voteyn_no/278-8288477-3349315?ie=UTF8&target=aHR0cDovL3d3dy5hbWF6b24uZGUvZ3AvcHJvZHVjdC9CMDBCU05BQ0lJL3JlZj1jbV9jcl9kcHZvdGVyZHIvMjc4LTgyODg0NzctMzM0OTMxNT9pZT1VVEY4Jm09QTNKV0tBS1I4WEI3WEY&token=BEF79663CFC28775BFDE8A3334B26E0D43DE31ED&voteAnchorName=R5Z3YHXQ460VW.2115.Helpful.Reviews&voteSessionID=278-8288477-3349315" title="Nein" class="a-button-text a-text-center" role="button">Nein</a></span></span>
    </span>
  </span>
  <span class="a-hidden cr-vote-feedback">
    Feedback senden...
  </span>
  <div class="a-box a-alert-inline a-alert-inline-success a-hidden cr-vote-success"><div class="a-box-inner a-alert-container"><i class="a-icon a-icon-alert"></i><div class="a-alert-content">
	Vielen Dank für Ihr Feedback.
  </div></div></div>
  <div class="a-box a-alert-inline a-alert-inline-error a-hidden cr-vote-error"><div class="a-box-inner a-alert-container"><i class="a-icon a-icon-alert"></i><div class="a-alert-content">
    Wir konnten Ihre Stimmabgabe leider nicht speichern. Bitte erneut versuchen
  </div></div></div>
  <span class="a-letter-space"></span>
  <span class="a-color-base cr-vote-inapp">
    <a href="http://www.amazon.de/gp/voting/cast/Reviews/2115/R5Z3YHXQ460VW/Inappropriate/1/ref=cm_cr_dp_abuse_voteyn/278-8288477-3349315?ie=UTF8&target=aHR0cDovL3d3dy5hbWF6b24uZGUvZ3AvcHJvZHVjdC9CMDBCU05BQ0lJL3JlZj1jbV9jcl9kcF9hYnVzZV92b3RlcmRyLzI3OC04Mjg4NDc3LTMzNDkzMTU_aWU9VVRGOCZtPUEzSldLQUtSOFhCN1hG&token=23F4B4E8B10FF3646E565ADE5D7F41331A284672&voteAnchorName=R5Z3YHXQ460VW.2115.Inappropriate.Reviews&voteSessionID=278-8288477-3349315" >Missbrauch melden</a>
  </span>
</span>



</div>

<div id="rev-dpReviewsMostHelpfulAUI-R2QYNA8DRY1Q0W" class="a-section celwidget"><div class="a-row a-spacing-micro"><div class="a-icon-row a-spacing-none"><a class="a-link-normal a-text-normal a-color-base" title="5.0 von 5 Sternen" href="http://www.amazon.de/review/R2QYNA8DRY1Q0W/ref=cm_cr_dp_title/278-8288477-3349315?ie=UTF8&ASIN=B00BSNACII&channel=detail-glance&nodeID=340846031&store=grocery"><i class="a-icon a-icon-star a-star-5"><span class="a-icon-alt">5.0 von 5 Sternen</span></i></a><span class="a-letter-space"></span><a class="a-link-normal a-text-normal a-color-base" href="http://www.amazon.de/review/R2QYNA8DRY1Q0W/ref=cm_cr_dp_title/278-8288477-3349315?ie=UTF8&ASIN=B00BSNACII&channel=detail-glance&nodeID=340846031&store=grocery"><span class="a-size-base a-text-bold">Milchpulver</span></a></div><span class="a-color-secondary">







  <span class="a-size-normal">
    <span class="a-color-secondary">
      Von
    </span>
    <a href="/gp/pdp/profile/A9FAW8Q7S1H7D/ref=cm_cr_dp_pdp/278-8288477-3349315" class="noTextDecoration">Amazon Kunde</a>
  </span>
<span class="a-color-secondary"> am 4. Januar 2016</span></span></div><div id="revData-dpReviewsMostHelpfulAUI-R2QYNA8DRY1Q0W" class="a-row a-spacing-small"><span class="a-size-mini a-color-secondary">Größe: 4 x 600g<i class="a-icon a-icon-text-separator"></i></span><span class="a-size-mini a-color-state a-text-bold">
    Verifizierter Kauf
  </span>






<div class="a-section">
  Tut Mir leid! Ich kann Kein Deutsch, einfach Wie folgt beschrieben,Die Geschwindigkeit der Logistik zu zwingen, Baby genie&szlig;en.Sehr gut Sehr gut Sehr gut Ich werde auch weiterhin den Kauf.
</div>

</div>









<a class="a-link-normal comment-link commentStripe" title="0" href="http://www.amazon.de/review/R2QYNA8DRY1Q0W/ref=cm_cr_dp_cmt/278-8288477-3349315?ie=UTF8&ASIN=B00BSNACII&channel=detail-glance&nodeID=340846031&store=grocery#wasThisHelpful">Kommentar</a>
<i class="a-icon a-icon-text-separator commentStripe"></i>









<script type='text/javascript'>
  


  
P.when("A").execute(function(A) {
   
   function vote(event) {
     var root = A.$(event.data.rootComponentId);
     var target = event.$target;
     root.find(".cr-vote-buttons").addClass("a-hidden");
     root.find(".cr-vote-feedback").removeClass("a-hidden");
       
     A.get(target.attr("href") + "&type=json&_=" + (new Date()).getTime(),
     {
	   dataType: 'json',
	   ajaxTimeout: 10000,
	   success: function(data, textStatus){ 
         success(data, root, target);
       },
	   error: function(XMLHttpRequest, textStatus, errorThrown){
         error(root, target);
       }
	 });
     event.$event.preventDefault();

   }

   function isNoButton(target) {       
     return target.closest(".noButton").length > 0;
   }

   function success(data, root, target) {
       if (data.redirect == 1) {
	   window.location.href = target.attr("href");
       } else if (data.error == 1) {
	   error(root, target);
       } else {
	   root.find(".cr-vote-success").removeClass("a-hidden");	   
	   root.find(".cr-vote-feedback").addClass("a-hidden");
       }
   }

   function error(root, target) {
       root.find(".cr-vote-error").removeClass("a-hidden");	   
       root.find(".cr-vote-feedback").addClass("a-hidden");
   }

   A.declarative("cr-vote", ["click"], vote);
});


</script>

<a id="R2QYNA8DRY1Q0W.2115.Helpful.Reviews"></a>
<span id="cr-vote-R2QYNA8DRY1Q0W" class="votingStripe">
      <span class="cr-vote-buttons">
    War diese Rezension für Sie hilfreich?
    <span class="a-letter-space"></span>
    <span class="a-declarative" data-action="cr-vote" data-cr-vote="{&quot;rootComponentId&quot;:&quot;#cr-vote-R2QYNA8DRY1Q0W&quot;,&quot;reviewId&quot;:&quot;R2QYNA8DRY1Q0W&quot;}" style="display: inline">
      <span class="a-button a-button-beside-text a-button-small yesButton votingButtonReviews"><span class="a-button-inner"><a href="http://www.amazon.de/gp/voting/cast/Reviews/2115/R2QYNA8DRY1Q0W/Helpful/1/ref=cm_cr_dp_voteyn_yes/278-8288477-3349315?ie=UTF8&target=aHR0cDovL3d3dy5hbWF6b24uZGUvZ3AvcHJvZHVjdC9CMDBCU05BQ0lJL3JlZj1jbV9jcl9kcHZvdGVyZHIvMjc4LTgyODg0NzctMzM0OTMxNT9pZT1VVEY4Jm09QTNKV0tBS1I4WEI3WEY&token=BF570DF4C6579A6AAC041EF6B24430E39CA73EF7&voteAnchorName=R2QYNA8DRY1Q0W.2115.Helpful.Reviews&voteSessionID=278-8288477-3349315" title="Ja" class="a-button-text a-text-center" role="button">Ja </a></span></span><span class="a-button a-button-beside-text a-button-small noButton votingButtonReviews"><span class="a-button-inner"><a href="http://www.amazon.de/gp/voting/cast/Reviews/2115/R2QYNA8DRY1Q0W/Helpful/-1/ref=cm_cr_dp_voteyn_no/278-8288477-3349315?ie=UTF8&target=aHR0cDovL3d3dy5hbWF6b24uZGUvZ3AvcHJvZHVjdC9CMDBCU05BQ0lJL3JlZj1jbV9jcl9kcHZvdGVyZHIvMjc4LTgyODg0NzctMzM0OTMxNT9pZT1VVEY4Jm09QTNKV0tBS1I4WEI3WEY&token=59D500DE4B6D4736CE44CAE513A7886B415B7533&voteAnchorName=R2QYNA8DRY1Q0W.2115.Helpful.Reviews&voteSessionID=278-8288477-3349315" title="Nein" class="a-button-text a-text-center" role="button">Nein</a></span></span>
    </span>
  </span>
  <span class="a-hidden cr-vote-feedback">
    Feedback senden...
  </span>
  <div class="a-box a-alert-inline a-alert-inline-success a-hidden cr-vote-success"><div class="a-box-inner a-alert-container"><i class="a-icon a-icon-alert"></i><div class="a-alert-content">
	Vielen Dank für Ihr Feedback.
  </div></div></div>
  <div class="a-box a-alert-inline a-alert-inline-error a-hidden cr-vote-error"><div class="a-box-inner a-alert-container"><i class="a-icon a-icon-alert"></i><div class="a-alert-content">
    Wir konnten Ihre Stimmabgabe leider nicht speichern. Bitte erneut versuchen
  </div></div></div>
  <span class="a-letter-space"></span>
  <span class="a-color-base cr-vote-inapp">
    <a href="http://www.amazon.de/gp/voting/cast/Reviews/2115/R2QYNA8DRY1Q0W/Inappropriate/1/ref=cm_cr_dp_abuse_voteyn/278-8288477-3349315?ie=UTF8&target=aHR0cDovL3d3dy5hbWF6b24uZGUvZ3AvcHJvZHVjdC9CMDBCU05BQ0lJL3JlZj1jbV9jcl9kcF9hYnVzZV92b3RlcmRyLzI3OC04Mjg4NDc3LTMzNDkzMTU_aWU9VVRGOCZtPUEzSldLQUtSOFhCN1hG&token=8852BEF7C64F2FEFE706C7241BC73373915ED6B1&voteAnchorName=R2QYNA8DRY1Q0W.2115.Inappropriate.Reviews&voteSessionID=278-8288477-3349315" >Missbrauch melden</a>
  </span>
</span>



</div>

<div id="rev-dpReviewsMostHelpfulAUI-R1VA72RCM3L4WE" class="a-section celwidget"><div class="a-row a-spacing-micro"><div class="a-icon-row a-spacing-none"><a class="a-link-normal a-text-normal a-color-base" title="5.0 von 5 Sternen" href="http://www.amazon.de/review/R1VA72RCM3L4WE/ref=cm_cr_dp_title/278-8288477-3349315?ie=UTF8&ASIN=B00BSNACII&channel=detail-glance&nodeID=340846031&store=grocery"><i class="a-icon a-icon-star a-star-5"><span class="a-icon-alt">5.0 von 5 Sternen</span></i></a><span class="a-letter-space"></span><a class="a-link-normal a-text-normal a-color-base" href="http://www.amazon.de/review/R1VA72RCM3L4WE/ref=cm_cr_dp_title/278-8288477-3349315?ie=UTF8&ASIN=B00BSNACII&channel=detail-glance&nodeID=340846031&store=grocery"><span class="a-size-base a-text-bold">liebt</span></a></div><span class="a-color-secondary">







  <span class="a-size-normal">
    <span class="a-color-secondary">
      Von
    </span>
    <a href="/gp/pdp/profile/A19MQCKV7NPPOX/ref=cm_cr_dp_pdp/278-8288477-3349315" class="noTextDecoration">Amazon Customer</a>
  </span>
<span class="a-color-secondary"> am 21. Dezember 2015</span></span></div><div id="revData-dpReviewsMostHelpfulAUI-R1VA72RCM3L4WE" class="a-row a-spacing-small"><span class="a-size-mini a-color-secondary">Größe: 4 x 600g<i class="a-icon a-icon-text-separator"></i></span><span class="a-size-mini a-color-state a-text-bold">
    Verifizierter Kauf
  </span>






<div class="a-section">
  Wenn mein Baby braucht Essen, milchpulver, wenn Freunde Mir empfohlen, APTAMIL f&uuml;r baby - milchpulver kaufen, baby liebt, m&ouml;chte Ich auch an meine Freunde empfehlen, das milchpulver.
</div>

</div>









<a class="a-link-normal comment-link commentStripe" title="0" href="http://www.amazon.de/review/R1VA72RCM3L4WE/ref=cm_cr_dp_cmt/278-8288477-3349315?ie=UTF8&ASIN=B00BSNACII&channel=detail-glance&nodeID=340846031&store=grocery#wasThisHelpful">Kommentar</a>
<i class="a-icon a-icon-text-separator commentStripe"></i>









<script type='text/javascript'>
  


  
P.when("A").execute(function(A) {
   
   function vote(event) {
     var root = A.$(event.data.rootComponentId);
     var target = event.$target;
     root.find(".cr-vote-buttons").addClass("a-hidden");
     root.find(".cr-vote-feedback").removeClass("a-hidden");
       
     A.get(target.attr("href") + "&type=json&_=" + (new Date()).getTime(),
     {
	   dataType: 'json',
	   ajaxTimeout: 10000,
	   success: function(data, textStatus){ 
         success(data, root, target);
       },
	   error: function(XMLHttpRequest, textStatus, errorThrown){
         error(root, target);
       }
	 });
     event.$event.preventDefault();

   }

   function isNoButton(target) {       
     return target.closest(".noButton").length > 0;
   }

   function success(data, root, target) {
       if (data.redirect == 1) {
	   window.location.href = target.attr("href");
       } else if (data.error == 1) {
	   error(root, target);
       } else {
	   root.find(".cr-vote-success").removeClass("a-hidden");	   
	   root.find(".cr-vote-feedback").addClass("a-hidden");
       }
   }

   function error(root, target) {
       root.find(".cr-vote-error").removeClass("a-hidden");	   
       root.find(".cr-vote-feedback").addClass("a-hidden");
   }

   A.declarative("cr-vote", ["click"], vote);
});


</script>

<a id="R1VA72RCM3L4WE.2115.Helpful.Reviews"></a>
<span id="cr-vote-R1VA72RCM3L4WE" class="votingStripe">
      <span class="cr-vote-buttons">
    War diese Rezension für Sie hilfreich?
    <span class="a-letter-space"></span>
    <span class="a-declarative" data-action="cr-vote" data-cr-vote="{&quot;rootComponentId&quot;:&quot;#cr-vote-R1VA72RCM3L4WE&quot;,&quot;reviewId&quot;:&quot;R1VA72RCM3L4WE&quot;}" style="display: inline">
      <span class="a-button a-button-beside-text a-button-small yesButton votingButtonReviews"><span class="a-button-inner"><a href="http://www.amazon.de/gp/voting/cast/Reviews/2115/R1VA72RCM3L4WE/Helpful/1/ref=cm_cr_dp_voteyn_yes/278-8288477-3349315?ie=UTF8&target=aHR0cDovL3d3dy5hbWF6b24uZGUvZ3AvcHJvZHVjdC9CMDBCU05BQ0lJL3JlZj1jbV9jcl9kcHZvdGVyZHIvMjc4LTgyODg0NzctMzM0OTMxNT9pZT1VVEY4Jm09QTNKV0tBS1I4WEI3WEY&token=76F478AC389EC93741CF6C048E0BB5AAB14536A8&voteAnchorName=R1VA72RCM3L4WE.2115.Helpful.Reviews&voteSessionID=278-8288477-3349315" title="Ja" class="a-button-text a-text-center" role="button">Ja </a></span></span><span class="a-button a-button-beside-text a-button-small noButton votingButtonReviews"><span class="a-button-inner"><a href="http://www.amazon.de/gp/voting/cast/Reviews/2115/R1VA72RCM3L4WE/Helpful/-1/ref=cm_cr_dp_voteyn_no/278-8288477-3349315?ie=UTF8&target=aHR0cDovL3d3dy5hbWF6b24uZGUvZ3AvcHJvZHVjdC9CMDBCU05BQ0lJL3JlZj1jbV9jcl9kcHZvdGVyZHIvMjc4LTgyODg0NzctMzM0OTMxNT9pZT1VVEY4Jm09QTNKV0tBS1I4WEI3WEY&token=BA6FE710155BE0359D16ED9D6A35006D9E4FF74B&voteAnchorName=R1VA72RCM3L4WE.2115.Helpful.Reviews&voteSessionID=278-8288477-3349315" title="Nein" class="a-button-text a-text-center" role="button">Nein</a></span></span>
    </span>
  </span>
  <span class="a-hidden cr-vote-feedback">
    Feedback senden...
  </span>
  <div class="a-box a-alert-inline a-alert-inline-success a-hidden cr-vote-success"><div class="a-box-inner a-alert-container"><i class="a-icon a-icon-alert"></i><div class="a-alert-content">
	Vielen Dank für Ihr Feedback.
  </div></div></div>
  <div class="a-box a-alert-inline a-alert-inline-error a-hidden cr-vote-error"><div class="a-box-inner a-alert-container"><i class="a-icon a-icon-alert"></i><div class="a-alert-content">
    Wir konnten Ihre Stimmabgabe leider nicht speichern. Bitte erneut versuchen
  </div></div></div>
  <span class="a-letter-space"></span>
  <span class="a-color-base cr-vote-inapp">
    <a href="http://www.amazon.de/gp/voting/cast/Reviews/2115/R1VA72RCM3L4WE/Inappropriate/1/ref=cm_cr_dp_abuse_voteyn/278-8288477-3349315?ie=UTF8&target=aHR0cDovL3d3dy5hbWF6b24uZGUvZ3AvcHJvZHVjdC9CMDBCU05BQ0lJL3JlZj1jbV9jcl9kcF9hYnVzZV92b3RlcmRyLzI3OC04Mjg4NDc3LTMzNDkzMTU_aWU9VVRGOCZtPUEzSldLQUtSOFhCN1hG&token=A52FC3578E52BC56EB5374EC4899EB8861A2B8B3&voteAnchorName=R1VA72RCM3L4WE.2115.Inappropriate.Reviews&voteSessionID=278-8288477-3349315" >Missbrauch melden</a>
  </span>
</span>



</div>


<script type="text/javascript">
  

  
P.when("A", "ready").execute(function(A){
  // we want to be able to query the count of this widget being loaded with PMET.
  if(ue && ue.count) {
      ue.count("dp-scroll-down-to-reviews-widget", 0);
  }
  
  var triggered = 0;
  var reviewsSection = A.$("#cm_cr_dpwidget");  
  onScreenTriggerMethod();
  A.on.scroll(onScreenTriggerMethod);
  
  function onScreenTriggerMethod(){
    if (!triggered && A.onScreen(reviewsSection)) {
      triggered = 1;
      
      // we want to be able to query the count of this widget being on screen with PMET.
      if(ue && ue.count) {
          ue.count("dp-scroll-down-to-reviews-widget", 1);
      }

      A.post('/gp/customer-reviews/aj/customer/ranking-trigger', {
          success: function(data){
          },
 
          error: function(data){
          },

          params: {
            csrfT: '0.868036817460716;1464075789;b3c43b60fddab9c7102e3e99f623628fd7dfd08023d3c5864b242f2096ab5847',
            requestId: '0WSYMHX46SV2Y1P04DFY',
            sessionId: '278-8288477-3349315',
            weblabID: ''
          }
      });
    }
  }

});

</script>








</div>


          </div>
        </div>
      </div>
      
      <div id="revF" class="a-section a-padding-small">
        





  <div class="a-row a-spacing-large">
    <a class="a-link-emphasis a-text-bold" href="http://www.amazon.de/product-reviews/B00BSNACII/ref=cm_cr_dp_see_all_btm/278-8288477-3349315?ie=UTF8&showViewpoints=1&sortBy=recent">
      Alle 31 Kundenrezensionen anzeigen (neueste zuerst)
    </a>
  </div>
    <span class="a-button a-button-width-normal"><span class="a-button-inner"><a href="http://www.amazon.de/review/create-review/ref=cm_cr_dp_wrt_btm/278-8288477-3349315?ie=UTF8&asin=B00BSNACII&channel=detail-glance&nodeID=340846031&store=grocery" title="Kundenrezension verfassen" class="a-button-text" role="button">
      Kundenrezension verfassen
  </a></span></span>


      </div>

      
      <div id="revOH" class="a-section a-padding-small">
        
      </div>
    </div>

    <div id="revMRLContainer" class="a-column a-span4 a-span-last">

      





<link rel="stylesheet" href="http://z-ecx.images-amazon.com/images/G/01/AUIClients/ReviewsLightbox-f8642c2ff3c686297eeeaf2faf790bf1ce5ce9c2._V2_.css#AUIClients/ReviewsLightbox.min" />
<script>
  (window.AmazonUIPageJS ? AmazonUIPageJS : P).load.js('http://z-ecx.images-amazon.com/images/G/01/AUIClients/ReviewsLightbox-83a550909b6c236f7d3a94c84cfc627d64dcfb2e._V2_.js#AUIClients/ReviewsLightbox.min');
</script>









<style>
    
    
    #DP_IMAGE_GALLERY_BUTTON_CONTAINER .image-thumbnails {
        width: 22.5%;  
        height: auto;                       
        padding: 11.25%; 
        margin-right: 1.25%; 
        display: inline-block;
        background-position: center;
        background-size:cover;
        cursor: pointer;
    }
    
    #DP_IMAGE_GALLERY_BUTTON_CONTAINER .gallery-link {
        cursor: pointer;
    }
</style>
    
<div id="DP_IMAGE_GALLERY_BUTTON_CONTAINER" style="margin-botton:5px;">  
    <h3 class="a-spacing-small"> 
       Kundenbilder
    </h3>
    <div style="text-align:left;padding-bottom:20px;">
        <div class="a-section a-spacing-none image-thumbnails-section">
                <div class="image-thumbnails" style="background-image:url('http://ecx.images-amazon.com/images/I/61c2gCq1lqL._SY128_.jpg');">
                </div>
                <div class="image-thumbnails" style="background-image:url('http://ecx.images-amazon.com/images/I/51HZoRRf0wL._SY128_.jpg');">
                </div>
                <div class="image-thumbnails" style="background-image:url('http://ecx.images-amazon.com/images/I/51LzZBxCBhL._SY128_.jpg');">
                </div>
        </div>    

    </div>
    <div style="display:none;">
        <span class="a-declarative" data-action="a-modal" data-a-modal="{&quot;inlineContent&quot;:&quot;\n&lt;div class=\&quot;reviewLightboxPopoverContainer\&quot;&gt;\n    &lt;div class=\&quot;reviewsLightbox\&quot; id=\&quot;DP_IMAGE_GALLERY_BUTTON\&quot;&gt;&lt;/div&gt;\n    &lt;script&gt;\n            var reviewsLightbox = new ReviewsLightbox(\&quot;DP_IMAGE_GALLERY_BUTTON\&quot;, \&quot;DESKTOP\&quot;);\n            reviewsLightbox.initializeForAsin(\&quot;B00BSNACII\&quot;); \n    &lt;/script&gt; \n&lt;/div&gt;\n&quot;}">
            <a href="javascript:void(0)" class="a-popover-trigger a-declarative">
            <i class="a-icon a-icon-popover"></i></a>
        </span>
    </div>
</div>




<script>
    P.when("jQuery").execute(function(jQuery) { 
        P.when("reviewsLightbox-js").execute(function() {
            jQuery("#DP_IMAGE_GALLERY_BUTTON_CONTAINER").find(".gallery-link").bind("click", function() {
                jQuery("#DP_IMAGE_GALLERY_BUTTON_CONTAINER").find(".a-popover-trigger").click();  
                P.when("reviewsLightbox-ready-DP_IMAGE_GALLERY_BUTTON").execute(function() {
                    jQuery("#DP_IMAGE_GALLERY_BUTTON").trigger("hideImmersiveView");
                });
            });
            
            jQuery("#DP_IMAGE_GALLERY_BUTTON_CONTAINER").find(".image-thumbnails").each(function(index) {
                jQuery(this).bind("click", function() {
                    jQuery("#DP_IMAGE_GALLERY_BUTTON_CONTAINER").find(".a-popover-trigger").click();  
                    P.when("reviewsLightbox-ready-DP_IMAGE_GALLERY_BUTTON").execute(function() {
                        jQuery("#DP_IMAGE_GALLERY_BUTTON").trigger("jumpToImageAtIndex", index);
                    });
                });
            });
        });
    });
</script>







      

      <div id="revMostRecent" class="a-section">
        





<div id="revMRRL" class="a-section">
  <h3 id="revMRT" class="a-spacing-small">
    Die neuesten Kundenrezensionen
  </h3> 
  


<div class="a-row a-spacing-base"><div class="a-icon-row a-spacing-none"><a class="a-link-normal a-text-normal" title="5.0 von 5 Sternen" href="http://www.amazon.de/product-reviews/B00BSNACII/ref=cm_cr_dp_synop/278-8288477-3349315?ie=UTF8&showViewpoints=0&sortBy=recent#R3JSYSMIDCTFUR"><i class="a-icon a-icon-star a-star-5"><span class="a-icon-alt">5.0 von 5 Sternen</span></i></a><span class="a-letter-space"></span><a class="a-link-normal a-text-normal a-color-base" title="Vollst&auml;ndige Rezension von Amazon Kunde lesen" href="http://www.amazon.de/product-reviews/B00BSNACII/ref=cm_cr_dp_synop/278-8288477-3349315?ie=UTF8&showViewpoints=0&sortBy=recent#R3JSYSMIDCTFUR"><span class="a-size-base a-text-bold">Aptamil 1 plus</span></a></div><a class="a-link-normal a-text-normal" title="Vollst&auml;ndige Rezension von Amazon Kunde lesen" href="http://www.amazon.de/product-reviews/B00BSNACII/ref=cm_cr_dp_synop/278-8288477-3349315?ie=UTF8&showViewpoints=0&sortBy=recent#R3JSYSMIDCTFUR">



  <p class="a-last">
    <span class="a-color-base">
      Good quality but low price and production date also is nearest by Amazon offer,if there is more stocks will be better.
    </span> 
    
  </p> 









<span class="a-size-small a-color-secondary">
  Vor 1 Monat von Amazon Kunde veröffentlicht
</span>
</a></div>
<div class="a-row a-spacing-base"><div class="a-icon-row a-spacing-none"><a class="a-link-normal a-text-normal" title="5.0 von 5 Sternen" href="http://www.amazon.de/product-reviews/B00BSNACII/ref=cm_cr_dp_synop/278-8288477-3349315?ie=UTF8&showViewpoints=0&sortBy=recent#R22UJ5M2KQC6T8"><i class="a-icon a-icon-star a-star-5"><span class="a-icon-alt">5.0 von 5 Sternen</span></i></a><span class="a-letter-space"></span><a class="a-link-normal a-text-normal a-color-base" title="Vollst&auml;ndige Rezension von Amazon Customer lesen" href="http://www.amazon.de/product-reviews/B00BSNACII/ref=cm_cr_dp_synop/278-8288477-3349315?ie=UTF8&showViewpoints=0&sortBy=recent#R22UJ5M2KQC6T8"><span class="a-size-base a-text-bold">Suitable milks for my baby</span></a></div><a class="a-link-normal a-text-normal" title="Vollst&auml;ndige Rezension von Amazon Customer lesen" href="http://www.amazon.de/product-reviews/B00BSNACII/ref=cm_cr_dp_synop/278-8288477-3349315?ie=UTF8&showViewpoints=0&sortBy=recent#R22UJ5M2KQC6T8">



  <p class="a-last">
    <span class="a-color-base">
      The nutrition of this formula is suitable for my babys,but there are property-purchasing limitations in this products.I would purchase this next times!
    </span> 
    
  </p> 









<span class="a-size-small a-color-secondary">
  Vor 1 Monat von Amazon Customer veröffentlicht
</span>
</a></div>
<div class="a-row a-spacing-base"><div class="a-icon-row a-spacing-none"><a class="a-link-normal a-text-normal" title="5.0 von 5 Sternen" href="http://www.amazon.de/product-reviews/B00BSNACII/ref=cm_cr_dp_synop/278-8288477-3349315?ie=UTF8&showViewpoints=0&sortBy=recent#RKU91SVLRAXVG"><i class="a-icon a-icon-star a-star-5"><span class="a-icon-alt">5.0 von 5 Sternen</span></i></a><span class="a-letter-space"></span><a class="a-link-normal a-text-normal a-color-base" title="Vollst&auml;ndige Rezension von Amazon Kunde lesen" href="http://www.amazon.de/product-reviews/B00BSNACII/ref=cm_cr_dp_synop/278-8288477-3349315?ie=UTF8&showViewpoints=0&sortBy=recent#RKU91SVLRAXVG"><span class="a-size-base a-text-bold">very good!</span></a></div><a class="a-link-normal a-text-normal" title="Vollst&auml;ndige Rezension von Amazon Kunde lesen" href="http://www.amazon.de/product-reviews/B00BSNACII/ref=cm_cr_dp_synop/278-8288477-3349315?ie=UTF8&showViewpoints=0&sortBy=recent#RKU91SVLRAXVG">



  <p class="a-last">
    <span class="a-color-base">
      very good! The package is finished.I will buy the item again if I required. I think it will be better
    </span> 
    
  </p> 









<span class="a-size-small a-color-secondary">
  Vor 1 Monat von Amazon Kunde veröffentlicht
</span>
</a></div>
<div class="a-row a-spacing-base"><div class="a-icon-row a-spacing-none"><a class="a-link-normal a-text-normal" title="5.0 von 5 Sternen" href="http://www.amazon.de/product-reviews/B00BSNACII/ref=cm_cr_dp_synop/278-8288477-3349315?ie=UTF8&showViewpoints=0&sortBy=recent#R25KJKTRFL9OOX"><i class="a-icon a-icon-star a-star-5"><span class="a-icon-alt">5.0 von 5 Sternen</span></i></a><span class="a-letter-space"></span><a class="a-link-normal a-text-normal a-color-base" title="Vollst&auml;ndige Rezension von Amazon Customer lesen" href="http://www.amazon.de/product-reviews/B00BSNACII/ref=cm_cr_dp_synop/278-8288477-3349315?ie=UTF8&showViewpoints=0&sortBy=recent#R25KJKTRFL9OOX"><span class="a-size-base a-text-bold">Very good!</span></a></div><a class="a-link-normal a-text-normal" title="Vollst&auml;ndige Rezension von Amazon Customer lesen" href="http://www.amazon.de/product-reviews/B00BSNACII/ref=cm_cr_dp_synop/278-8288477-3349315?ie=UTF8&showViewpoints=0&sortBy=recent#R25KJKTRFL9OOX">



  <p class="a-last">
    <span class="a-color-base">
      My son likes it very much. It's very delicious! No better milk than this! I would like to introduce it to my friend.
    </span> 
    
  </p> 









<span class="a-size-small a-color-secondary">
  Vor 1 Monat von Amazon Customer veröffentlicht
</span>
</a></div>
<div class="a-row a-spacing-base"><div class="a-icon-row a-spacing-none"><a class="a-link-normal a-text-normal" title="3.0 von 5 Sternen" href="http://www.amazon.de/product-reviews/B00BSNACII/ref=cm_cr_dp_synop/278-8288477-3349315?ie=UTF8&showViewpoints=0&sortBy=recent#R3LLZ6JE0Z5VZ"><i class="a-icon a-icon-star a-star-3"><span class="a-icon-alt">3.0 von 5 Sternen</span></i></a><span class="a-letter-space"></span><a class="a-link-normal a-text-normal a-color-base" title="Vollst&auml;ndige Rezension von Amazon Customer lesen" href="http://www.amazon.de/product-reviews/B00BSNACII/ref=cm_cr_dp_synop/278-8288477-3349315?ie=UTF8&showViewpoints=0&sortBy=recent#R3LLZ6JE0Z5VZ"><span class="a-size-base a-text-bold">One of the package has a tiny hole</span></a></div><a class="a-link-normal a-text-normal" title="Vollst&auml;ndige Rezension von Amazon Customer lesen" href="http://www.amazon.de/product-reviews/B00BSNACII/ref=cm_cr_dp_synop/278-8288477-3349315?ie=UTF8&showViewpoints=0&sortBy=recent#R3LLZ6JE0Z5VZ">



  <p class="a-last">
    <span class="a-color-base">
      One of the package has a hole. And leaked some powder inside the box. For my baby's health, I drop that package!
    </span> 
    
  </p> 









<span class="a-size-small a-color-secondary">
  Vor 1 Monat von Amazon Customer veröffentlicht
</span>
</a></div>
<div class="a-row a-spacing-base"><div class="a-icon-row a-spacing-none"><a class="a-link-normal a-text-normal" title="5.0 von 5 Sternen" href="http://www.amazon.de/product-reviews/B00BSNACII/ref=cm_cr_dp_synop/278-8288477-3349315?ie=UTF8&showViewpoints=0&sortBy=recent#R3RZKGL7YTKKIE"><i class="a-icon a-icon-star a-star-5"><span class="a-icon-alt">5.0 von 5 Sternen</span></i></a><span class="a-letter-space"></span><a class="a-link-normal a-text-normal a-color-base" title="Vollst&auml;ndige Rezension von hewen lesen" href="http://www.amazon.de/product-reviews/B00BSNACII/ref=cm_cr_dp_synop/278-8288477-3349315?ie=UTF8&showViewpoints=0&sortBy=recent#R3RZKGL7YTKKIE"><span class="a-size-base a-text-bold">&#24456;&#22909;</span></a></div><a class="a-link-normal a-text-normal" title="Vollst&auml;ndige Rezension von hewen lesen" href="http://www.amazon.de/product-reviews/B00BSNACII/ref=cm_cr_dp_synop/278-8288477-3349315?ie=UTF8&showViewpoints=0&sortBy=recent#R3RZKGL7YTKKIE">



  <p class="a-last">
    <span class="a-color-base">
      jmwtpg.am&#30171;&#26970;&#21679;&#26469;&#21679;&#20040;&#23567;&#23731;&#24555;&#20048;li&#8198;ga&#8198;ok&#8198;tuo&#8198;l&#8198;ji&#8198;h&#8198;qu&#8198;mo&#8198;de&#8198;k&#8198;l&#8198;k&#8198;li&#8198;h&#8198;kun&#8198;ne&#8198;l&#8198;lo&#8198;l
    </span> 
    
  </p> 









<span class="a-size-small a-color-secondary">
  Vor 1 Monat von hewen veröffentlicht
</span>
</a></div>
<div class="a-row a-spacing-base"><div class="a-icon-row a-spacing-none"><a class="a-link-normal a-text-normal" title="5.0 von 5 Sternen" href="http://www.amazon.de/product-reviews/B00BSNACII/ref=cm_cr_dp_synop/278-8288477-3349315?ie=UTF8&showViewpoints=0&sortBy=recent#R18VCWBIIOOSGQ"><i class="a-icon a-icon-star a-star-5"><span class="a-icon-alt">5.0 von 5 Sternen</span></i></a><span class="a-letter-space"></span><a class="a-link-normal a-text-normal a-color-base" title="Vollst&auml;ndige Rezension von Amazon Kunde lesen" href="http://www.amazon.de/product-reviews/B00BSNACII/ref=cm_cr_dp_synop/278-8288477-3349315?ie=UTF8&showViewpoints=0&sortBy=recent#R18VCWBIIOOSGQ"><span class="a-size-base a-text-bold">Received 2 bags. Kaifeng tomorrow for the baby to eat, want to point...</span></a></div><a class="a-link-normal a-text-normal" title="Vollst&auml;ndige Rezension von Amazon Kunde lesen" href="http://www.amazon.de/product-reviews/B00BSNACII/ref=cm_cr_dp_synop/278-8288477-3349315?ie=UTF8&showViewpoints=0&sortBy=recent#R18VCWBIIOOSGQ">



  <p class="a-last">
    <span class="a-color-base">
      Received 2 bags. Kaifeng tomorrow for the baby to eat, want to point out the Amazon, don't let other people buy, so worry
    </span> 
    
  </p> 









<span class="a-size-small a-color-secondary">
  Vor 2 Monaten von Amazon Kunde veröffentlicht
</span>
</a></div>
<div class="a-row a-spacing-base"><div class="a-icon-row a-spacing-none"><a class="a-link-normal a-text-normal" title="5.0 von 5 Sternen" href="http://www.amazon.de/product-reviews/B00BSNACII/ref=cm_cr_dp_synop/278-8288477-3349315?ie=UTF8&showViewpoints=0&sortBy=recent#RG5QJVSR0RMUR"><i class="a-icon a-icon-star a-star-5"><span class="a-icon-alt">5.0 von 5 Sternen</span></i></a><span class="a-letter-space"></span><a class="a-link-normal a-text-normal a-color-base" title="Vollst&auml;ndige Rezension von Yang Lingxian lesen" href="http://www.amazon.de/product-reviews/B00BSNACII/ref=cm_cr_dp_synop/278-8288477-3349315?ie=UTF8&showViewpoints=0&sortBy=recent#RG5QJVSR0RMUR"><span class="a-size-base a-text-bold">Very good!</span></a></div><a class="a-link-normal a-text-normal" title="Vollst&auml;ndige Rezension von Yang Lingxian lesen" href="http://www.amazon.de/product-reviews/B00BSNACII/ref=cm_cr_dp_synop/278-8288477-3349315?ie=UTF8&showViewpoints=0&sortBy=recent#RG5QJVSR0RMUR">



  <p class="a-last">
    <span class="a-color-base">
      My baby enjoy it.It's very good! I think I will buy more it again! Aptamil is suitable for my baby!
    </span> 
    
  </p> 









<span class="a-size-small a-color-secondary">
  Vor 3 Monaten von Yang Lingxian veröffentlicht
</span>
</a></div>
<div class="a-row a-spacing-base"><div class="a-icon-row a-spacing-none"><a class="a-link-normal a-text-normal" title="5.0 von 5 Sternen" href="http://www.amazon.de/product-reviews/B00BSNACII/ref=cm_cr_dp_synop/278-8288477-3349315?ie=UTF8&showViewpoints=0&sortBy=recent#R1QI7T4A38X3J6"><i class="a-icon a-icon-star a-star-5"><span class="a-icon-alt">5.0 von 5 Sternen</span></i></a><span class="a-letter-space"></span><a class="a-link-normal a-text-normal a-color-base" title="Vollst&auml;ndige Rezension von Amazon Customer lesen" href="http://www.amazon.de/product-reviews/B00BSNACII/ref=cm_cr_dp_synop/278-8288477-3349315?ie=UTF8&showViewpoints=0&sortBy=recent#R1QI7T4A38X3J6"><span class="a-size-base a-text-bold">very good service</span></a></div><a class="a-link-normal a-text-normal" title="Vollst&auml;ndige Rezension von Amazon Customer lesen" href="http://www.amazon.de/product-reviews/B00BSNACII/ref=cm_cr_dp_synop/278-8288477-3349315?ie=UTF8&showViewpoints=0&sortBy=recent#R1QI7T4A38X3J6">



  <p class="a-last">
    <span class="a-color-base">
      very good service, also convenient, Do not need to get to supermarket again and again. satisfied with my first buying experience in the net.
    </span> 
    
  </p> 









<span class="a-size-small a-color-secondary">
  Vor 3 Monaten von Amazon Customer veröffentlicht
</span>
</a></div>
<div class="a-row a-spacing-base"><div class="a-icon-row a-spacing-none"><a class="a-link-normal a-text-normal" title="5.0 von 5 Sternen" href="http://www.amazon.de/product-reviews/B00BSNACII/ref=cm_cr_dp_synop/278-8288477-3349315?ie=UTF8&showViewpoints=0&sortBy=recent#R1UQLZWPRNGDZ2"><i class="a-icon a-icon-star a-star-5"><span class="a-icon-alt">5.0 von 5 Sternen</span></i></a><span class="a-letter-space"></span><a class="a-link-normal a-text-normal a-color-base" title="Vollst&auml;ndige Rezension von Chenjilong FCUIJNB lesen" href="http://www.amazon.de/product-reviews/B00BSNACII/ref=cm_cr_dp_synop/278-8288477-3349315?ie=UTF8&showViewpoints=0&sortBy=recent#R1UQLZWPRNGDZ2"><span class="a-size-base a-text-bold">very good</span></a></div><a class="a-link-normal a-text-normal" title="Vollst&auml;ndige Rezension von Chenjilong FCUIJNB lesen" href="http://www.amazon.de/product-reviews/B00BSNACII/ref=cm_cr_dp_synop/278-8288477-3349315?ie=UTF8&showViewpoints=0&sortBy=recent#R1UQLZWPRNGDZ2">



  <p class="a-last">
    <span class="a-color-base">
      this baby milk is very good,my daughter very like it.I will always buy it from Amazon,hope it will cheaper in the future
    </span> 
    
  </p> 









<span class="a-size-small a-color-secondary">
  Vor 3 Monaten von Chenjilong FCUIJNB veröffentlicht
</span>
</a></div>











</div> 

      </div>

      <div id="revS" class="a-row">
        




<form id="revSearchForm" method="GET" action="http://www.amazon.de/product-reviews/B00BSNACII/ref=cm_cr_dp_srch/278-8288477-3349315">
  <label for="searchCustomerReviewsInput">
    Kundenrezensionen suchen
  </label>
  
  <div class="a-search"><i class="a-icon a-icon-search"></i><input type="search" id="searchCustomerReviewsInput" name="filterByKeyword" class="a-input-text a-width-medium"></div>
  
  <span id="searchCustomerReviewsButton" class="a-button a-button-search"><span class="a-button-inner"><input class="a-button-input" type="submit" aria-labelledby="searchCustomerReviewsButton-announce"><span id="searchCustomerReviewsButton-announce" class="a-button-text" aria-hidden="true">
    Suchen
  </span></span></span>
  
  <input type="hidden" name="search-alias" value="community-reviews">
  <input type="hidden" name="__mk_de_DE" value="ÅMÅŽÕÑ" />

</form>





      </div>
    </div>
  
  </div>
</div>


</div>
<script type="text/javascript">
var isAUI = typeof P === 'object' && typeof P.when === 'function';
  if(typeof setCSMReq == 'function') {
        setCSMReq('cf');
  }else {
     if(typeof uet == 'function') {
        uet('cf');
     }
     if(isAUI){
     	   P.trigger("cf");
     	}else{
     		amznJQ.completedStage('amznJQ.criticalFeature');
     	}
  }
</script>
 






<script type="text/javascript">


(window.AmazonUIPageJS ? AmazonUIPageJS : P).when('cf').execute(function() {
  (window.AmazonUIPageJS ? AmazonUIPageJS : P).load.js('http://z-ecx.images-amazon.com/images/I/21JRuXuhCVL._RC|117OlQ1SsZL.js,11BaHALkA9L.js_.js#AUIClients/HardlinesFeatureDetailPageMetaAsset');
});



  if(typeof P !== "undefined" && typeof P.when === "function"){
    P.when('cf').execute(function() {
          P.when('search-js-jq').execute(function(){});
  P.when('amazonShoveler').execute(function(){});
  P.when('simsJS').execute(function(){});
  P.when('cmuAnnotations').execute(function(){});
  P.when('externalJS.tagging').execute(function(){});
  P.when('amzn-ratings-bar').execute(function(){});
  P.when('accessoriesJS').execute(function(){});
  P.when('priceformatterJS').execute(function(){});
  P.when('CustomerPopover').execute(function(){});

    });
  }
</script>









<!--AMZNJQSECTION-->











<script>
  (window.AmazonUIPageJS ? AmazonUIPageJS : P).load.js('http://z-ecx.images-amazon.com/images/G/01/AUIClients/DetailPageImageBlockAssets-fd44c37b3916b6f49b10deeb8663ca4ebfd81c1c._V2_.js#AUIClients/DetailPageImageBlockAssets.min');
</script>


      

    
  






    
  























    
  










































































<script type="text/javascript">
P.when('jQuery', 'cf').execute(function($, cf){
  
});

P.when('A', 'jQuery', 'ImageBlockATF', 'cf').register('ImageBlockBTF', function(A, $, imageBlockATF, cf){
  var data = {"indexToColor":["initial"],"burjImageBlock":0,"isSwatchHoverConsistent":1,"heroFocalPoint":null,"visualDimensions":["size_name"],"productGroupID":"grocery_display_on_website","thumbnailLeftAlignmentEnabled":1,"newVideoMissing":0,"useIV":1,"useClickZoom":null,"fullScreenImmersiveView":0,"useChildVideos":1,"redesignedImmersiveView":0,"numColors":2,"logMetrics":1,"defaultColor":"initial","imgTagWrapperClasses":null,"showMagnifierOnHover":0,"airyConfig":{"enableContinuousPlay":0,"installFlashButtonText":"Flash Player installieren","contentTitle":null,"autoplayCutOffTimeSeconds":null,"cssUrl":"http://z-ecx.images-amazon.com/images/G/03/vap/video/airy2/prod/2.0.1351.0/css/beacon._CB301816267_.css","ageGate":{"monthNames":["Januar","Februar","März","April","Mai","Juni","Juli","August","September","Oktober","November","Dezember"],"deniedPrompt":"Es tut uns leid. Sie sind leider nicht alt genug, um dieses Video zu sehen.","submitText":"Senden","prompt":"Dieses Video ist nicht für alle Zielgruppen vorgesehen. Was ist Ihr Geburtsdatum?"},"videoAds":null,"videoUnsupportedPrompt":"Leider wird das Video auf diesem Browser nicht unterstützt.","desiredMode":null,"swfUrl":"http://g-ecx.images-amazon.com/images/G/03/vap/video/airy2/prod/2.0.1351.0/flash/AiryBasicRenderer._CB301816267_.swf","isAutoplayEnabled":null,"installFlashPrompt":"Zur Wiedergabe dieses Videos wird Adobe Flash Player benötigt.","isLiveStream":null,"regionCode":"EU","contentId":null,"playbackErrorPrompt":"Beim Versuch der Videowiedergabe ist ein Fehler aufgetreten. Bitte versuchen Sie es später noch einmal.","contentMinAge":null,"isForesterTrackingDisabled":null,"streamingUrls":null,"parentId":null,"foresterMetadataParams":{"client":"Dpx","requestId":"0WSYMHX46SV2Y1P04DFY","marketplaceId":"A1PA6795UKMFR9","session":"278-8288477-3349315","method":"Grocery.ImageBlock"},"jsUrl":"http://z-ecx.images-amazon.com/images/G/03/vap/video/airy2/prod/2.0.1351.0/js/airy.skin._CB301816266_.js"},"showBiggerImmersiveView":"","mainImageMaxSizes":null,"naturalMainImageSize":null,"isMultipleHeroImagesReady":0,"staticStrings":{"playVideo":"Zur Video-Wiedergabe klicken","rollOverToZoom":"Für größere Ansicht Maus über das Bild ziehen","images":"Bilder","video":"Video","clickToZoom":"Klicken Sie auf das Bild, um es zu vergrößern","touchToZoom":"Berühren Sie das Bild, um es zu vergrößern.","videos":"Videos","pleaseSelect":"Bitte wählen Sie","close":"Schließen","clickToExpand":"Für eine größere Ansicht klicken Sie auf das Bild","allMedia":"Alle Medien"},"notThumbnailClickImmersiveView":1,"gIsNewTwister":1,"title":"Aptamil Kinder-Milch 1+ ab dem 12. Monat, 600g","ivRepresentativeAsin":{"1":"B00BSNACII"},"useAltIngress":0,"mainImageSizes":[[342,445],[385,500],[425,550],[466,606],[522,679]],"switchDynImgDims":0,"views":["ImageBlockMagnifierView","ImageBlockAltImageView","ImageBlockVideoView","ImageBlockTwisterView","ImageBlockImmersiveView"],"isQuickview":0,"productTypeName":"GROCERY","ipadVideoSizes":[[340,444],[384,500]],"isSoftlinesEnhancedHoverZoom":null,"colorToAsin":{"4 x 600g":{"asin":"B00BSNACII"}},"thumbExperimentEnabledValue":1,"showLITBOnClick":0,"isSuperleaf":0,"videoSizes":[[342,445],[384,500]],"stretchyGoodnessWidth":[1280,1440,1640,1800],"autoplayVideo":0,"prioritizeVideos":null,"hoverZoomIndicator":"","sitbReftag":"","enhancedHoverOverlay":null,"useHoverZoom":1,"staticImages":{"zoomOut":"http://g-ecx.images-amazon.com/images/G/03/detail-page/cursors/zoom-out._CB184888341_.bmp","hoverZoomIcon":"http://g-ecx.images-amazon.com/images/G/03/img11/apparel/UX/DP/icon_zoom.png","zoomIn":"http://g-ecx.images-amazon.com/images/G/03/detail-page/cursors/zoom-in._CB184888321_.bmp","zoomLensBackground":"http://g-ecx.images-amazon.com/images/G/03/apparel/rcxgs/tile._CB211468455_.gif","videoThumbIcon":"http://g-ecx.images-amazon.com/images/G/03/Quarterdeck/en_US/images/video._CB140033762_SX38_SY50_CR,0,0,38,50_.jpg","spinner":"http://g-ecx.images-amazon.com/images/G/03/ui/loadIndicators/loading-large_labeled._CB186124316_.gif","videoSWFPath":"http://g-ecx.images-amazon.com/images/G/03/Quarterdeck/en_US/video/20110518115040892/Video._CB137425805_.swf","zoomInCur":"http://g-ecx.images-amazon.com/images/G/03/detail-page/cursors/zoomIn.cur","arrow":"http://g-ecx.images-amazon.com/images/G/03/javascripts/lib/popover/images/light/sprite-vertical-popover-arrow._CB186039208_.png","zoomOutCur":"http://g-ecx.images-amazon.com/images/G/03/detail-page/cursors/zoomOut.cur"},"videos":[],"isAUIPopoverEnabled":1,"gPreferChildVideos":1,"altsOnLeft":1,"useHoverZoomIpad":"","ivImageSetKeys":{"initial":0,"4 x 600g":"1"},"isUDP":1,"alwaysIncludeVideo":1,"widths":[1280,1440,1640,1800],"maxAlts":7,"useChromelessVideoPlayer":0,"mainImageHeightPartitions":null};
  data["customerImages"] = eval('[]');
  data["colorImages"] = {"4 x 600g":[{"large":"http://ecx.images-amazon.com/images/I/51Lfv-i-z6L.jpg","variant":"MAIN","hiRes":"http://ecx.images-amazon.com/images/I/71N6tuY0mHL._SL1225_.jpg","thumb":"http://ecx.images-amazon.com/images/I/51Lfv-i-z6L._SX38_SY50_CR,0,0,38,50_.jpg","main":{"http://ecx.images-amazon.com/images/I/71N6tuY0mHL._SY445_.jpg":["445","298"],"http://ecx.images-amazon.com/images/I/71N6tuY0mHL._SY500_.jpg":["500","335"],"http://ecx.images-amazon.com/images/I/71N6tuY0mHL._SY550_.jpg":["550","368"],"http://ecx.images-amazon.com/images/I/71N6tuY0mHL._SY606_.jpg":["606","406"],"http://ecx.images-amazon.com/images/I/71N6tuY0mHL._SY679_.jpg":["679","455"]}},{"large":"http://ecx.images-amazon.com/images/I/51chE6cO8LL.jpg","variant":"PT01","hiRes":"http://ecx.images-amazon.com/images/I/71r49Ps053L._SL1500_.jpg","thumb":"http://ecx.images-amazon.com/images/I/51chE6cO8LL._SX38_SY50_CR,0,0,38,50_.jpg","main":{"http://ecx.images-amazon.com/images/I/71r49Ps053L._SY500_.jpg":["500","270"],"http://ecx.images-amazon.com/images/I/71r49Ps053L._SY679_.jpg":["679","367"],"http://ecx.images-amazon.com/images/I/71r49Ps053L._SY550_.jpg":["550","297"],"http://ecx.images-amazon.com/images/I/71r49Ps053L._SY606_.jpg":["606","327"],"http://ecx.images-amazon.com/images/I/71r49Ps053L._SY445_.jpg":["445","240"]}}]};
  data["heroImage"] = {};
  data["landingAsinColor"] = '4 x 600g';
  data["shouldApplyResizeFix"] = false;

  return data;
});

</script>



<div class="a-popover-preload" id="a-popover-immersiveView">

<div id="ivMain">
    <div id="ivThumbColumn">
        <div id="ivTitle">
        </div>
        <div id="ivVariationSelection">
        </div>
        <div id="ivMediaSelection">
            <select id="ivMediaSelect">
            </select>
        </div>
        <div id='ivThumbs'>
            <div class="ivRow placeholder">
            </div>
            <span class='ivThumbVideoPopover placeholder'>
                <b class='ivVideoPopoverTitle'></b><br><span class='ivVideoPopoverDuration'></span>
            </span>
            <div class="ivThumb placeholder">
                <div class="ivThumbImage">
                </div>
            </div>
        </div>
        <div id='ivVideoList'>
            <div class="ivThumbVideoListOuter placeholder">
                <div class="ivThumbVideoList">
                    <div class="ivThumbImage">
                    </div>
                </div>
                <div class="ivThumbText">
                    <b class="ivThumbTitle"></b>
                    <span class="ivThumbDuration"></span>
                    <div class="ivClearfix">
                    </div>
                </div>
            </div>
        </div>
    </div>
    <div id="ivStage">
        <div id="ivLargeImage">
        </div>
        <div id="ivLargeVideo">
        </div>
    </div>
    <div class="ivClearfix">
    </div>
</div>

</div>



















    
    












<script>
(window.AmazonUIPageJS ? AmazonUIPageJS : P).when('atf').execute(function() {
  (window.AmazonUIPageJS ? AmazonUIPageJS : P).load.js('http://z-ecx.images-amazon.com/images/G/01/AUIClients/DetailPageTwisterAssets-218d10cf12bafab4f55797de5259d62f68f8e0a4._V2_.js#AUIClients/DetailPageTwisterAssets.min');
});
(window.AmazonUIPageJS ? AmazonUIPageJS : P).when('atf').execute(function() {
  (window.AmazonUIPageJS ? AmazonUIPageJS : P).load.js('http://z-ecx.images-amazon.com/images/G/01/AUIClients/AmazonPopoversAUIShim-e679ef37a66656fd4576766d831f2f8fbf2ded87._V2_.js#AUIClients/AmazonPopoversAUIShim.de.min');
});
</script>

<script language="JavaScript">
    window.isTwisterAUI = 1;
    window.DetailPage ={};
    window.gIsNewTwister = true;
    window.DetailPage.useTwisterJsInitFromDPXPartially = 1;
    P.register('twister-js-init-mason-data', function() {
       var dataToReturn = {"printConsoleLogs":0,"hoverMS":0,"dimensions":["size_name"],"prioritizeReqPrefetch":0,"prefetchRelatedAttrs":"{\"landingPrefetchState\":\"TRIGGER_ON_INTERACTION\",\"prefetchOtherReqDimensions\":0,\"performLandingAsinPrefetch\":0,\"performParentPrefetch\":0,\"performPrefetches\":1,\"performPartialPrefetch\":0}","current_asin":"B00BSNACII","prefetchCount":0,"newPrefetchWeblab":"","productGroupID":"grocery_display_on_website","displayConfigStylesData":{"vodd":{"selected":"voddSelect","invalid":"voddUnavailable","available":"voddAvailable"},"etdd":{"selected":"selected","invalid":"invalid","available":"available"},"dropdown":{"hidden":"dropdownHidden","selected":"dropdownSelect","invalid":"dropdownUnavailable","available":"dropdownAvailable"},"swatch":{"selected":"swatchSelect","invalid":"swatchUnavailable","available":"swatchAvailable"},"singleton":{"selected":"singletonSelect","invalid":"singletonSelect","available":"singletonSelect"}},"view":"glance","twisterAccessibilityCurrentSelection":"Your current selection is : ","isLoggingEnabled":0,"useMS":0,"dimToAsinMapData":{"0":"B00BSNACII"},"selected_variation_values":{"size_name":0},"unselectedDimCount":0,"loadingBarHtml2":"<table border=\"0\" width=\"100%\"> <tr>   <td align=\"center\" style=\"font-family: Tahoma, Arial, Helvetica, sans-serif;font-size:12px;\">Daten werden geladen...</td></tr> <tr> <td align=\"center\"><img src=\"http://g-ecx.images-amazon.com/images/G/03/x-locale/communities/tags/snake._CB192234769_.gif\" style=\"margin-left:-8px;\" /></td>  </tr></table>","measurement":{"cf":{"longPollImageTag":null,"count":2,"marker":"twister-cf-marker_feature_div","longPollHtmlTag":null},"atf":{"count":2,"marker":"twister-atf-marker_feature_div"}},"selected_variations":{"size_name":"4 x 600g"},"jqupgrade":0,"num_variation_dimensions":1,"prefetchFixWeblab":1,"dimensionValuesDisplayData":{"B00BSNACII":["4 x 600g"]},"hidePopover":1,"disableJsInteractions":0,"parent_asin":"B013USRV1E","rps":0,"variation_values":{"size_name":["4 x 600g"]},"deviceType":"web","keysToPopulateDetailPageStateController":["current_asin","parent_asin","productGroupID","storeID","unselectedDimCount","currentDimCombID","reactId","dimensionSelectionData","num_total_variations","num_variation_dimensions","rps","view","selected_variations","variation_values","selected_variation_values","asin_variation_values"],"num_total_variations":1,"showDimSecondUnavailablePopover":0,"twisterUpdateURLInfo":{"immutableURLPrefix":"/gp/twister/ajaxv2?sid=278-8288477-3349315&ptd=GROCERY&sCac=1&twisterView=glance&pgid=grocery_display_on_website&rid=0WSYMHX46SV2Y1P04DFY&dStr=size_name&auiAjax=1&json=1&dpxAjaxFlag=1&isUDPFlag=1&ee=2&merchantID=A3JWKAKR8XB7XF&nodeID=340846031&parentAsin=B013USRV1E&enPre=1&dcm=1&udpWeblabState=T2&storeID=grocery","immutableParams":{"sid":"278-8288477-3349315","ptd":"GROCERY","json":"1","dpxAjaxFlag":"1","sCac":"1","isUDPFlag":"1","twisterView":"glance","ee":"2","pgid":"grocery_display_on_website","merchantID":"A3JWKAKR8XB7XF","nodeID":"340846031","rid":"0WSYMHX46SV2Y1P04DFY","parentAsin":"B013USRV1E","enPre":"1","dcm":"1","udpWeblabState":"T2","dStr":"size_name","storeID":"grocery","auiAjax":"1"},"mutableParams":{}},"variationDisplayLabels":{"size_name":"Größe"},"twisterInitPrefetchMode":0,"productTypeName":"GROCERY","unavailablePopOverStringValue":"in der Auswahl nicht verfügbar","dimensionsDisplayType":["singleton"],"dimensionsDisplay":["Größe"],"dimensionSelectionData":[{"isSelected":1,"isRequired":0}],"dimensionValuesData":[["4 x 600g"]],"reactId":"0","use-early-twister-init":0,"deletedLandingAsinInfo":{},"isTablet":0,"asin_variation_values":{"B00BSNACII":{"size_name":"0","ASIN":"B00BSNACII"}},"contextMetaData":{"parent":{"mTypeSpecificURLParams":{},"elementList":[{"isPrefetchable":0,"divToUpdate":"twister-atf-marker_feature_div"},{"divToUpdate":"andon-cord-pulling_feature_div"},{"divToUpdate":"dvd-rental-badge_feature_div"},{"divToUpdate":"product-alert-grid_feature_div"},{"divToUpdate":"hero-quick-promo-grid_feature_div"},{"divToUpdate":"qpe-title-tag_feature_div"},{"loadingBar":1,"isPrefetchable":0,"divToUpdate":"buyxgety_feature_div"},{"loadingBar":1,"isPrefetchable":0,"divToUpdate":"purchase-similarities_feature_div"},{"divToUpdate":"dp-ads-center-promo-top_feature_div"},{"loadingBar":1,"divToUpdate":"promotions_feature_div"},{"divToUpdate":"view-dpv-rich-media_feature_div"},{"divToUpdate":"product-details_feature_div"},{"divToUpdate":"need-help-deciding_feature_div"},{"loadingBar":1,"isPrefetchable":0,"divToUpdate":"product-details-grid_feature_div"},{"loadingBar":1,"divToUpdate":"important-information_feature_div"},{"divToUpdate":"dpx-aplus-product-description_feature_div"},{"loadingBar":1,"divToUpdate":"cpsia-product-safety-warning_feature_div"},{"isPrefetchable":0,"divToUpdate":"dp-out-of-stock-top_feature_div"},{"loadingBar":1,"isPrefetchable":0,"divToUpdate":"dp-ads-middle_feature_div"},{"loadingBar":1,"isPrefetchable":0,"divToUpdate":"accessories-and-compatible-products_feature_div"},{"loadingBar":1,"divToUpdate":"conditional-probability_feature_div"},{"divToUpdate":"like-delayed-render_feature_div"},{"divToUpdate":"dp-ads-center-promo_feature_div"},{"loadingBar":1,"isPrefetchable":0,"divToUpdate":"ask-btf_feature_div"},{"loadingBar":1,"isPrefetchable":0,"divToUpdate":"customer-reviews_feature_div"},{"isPrefetchable":0,"divToUpdate":"twister-cf-marker_feature_div"},{"divToUpdate":"ld-notifier-widget_feature_div"},{"divToUpdate":"lazy-load-content_feature_div"},{"loadingBar":1,"divToUpdate":"browse_feature_div"},{"isPrefetchable":0,"divToUpdate":"twister-log-metrics_feature_div"},{"isPrefetchable":0,"divToUpdate":"dp-fast-track-logger_feature_div"}]},"master":{"mTypeSpecificURLParams":{}},"partial":{"mTypeSpecificURLParams":{}},"full":{"mTypeSpecificURLParams":{"psc":1},"elementList":[{"isPrefetchable":0,"divToUpdate":"twister-atf-marker_feature_div"},{"divToUpdate":"andon-cord-pulling_feature_div"},{"divToUpdate":"dvd-rental-badge_feature_div"},{"divToUpdate":"product-alert-grid_feature_div"},{"divToUpdate":"hero-quick-promo-grid_feature_div"},{"divToUpdate":"qpe-title-tag_feature_div"},{"loadingBar":1,"isPrefetchable":0,"divToUpdate":"buyxgety_feature_div"},{"loadingBar":1,"isPrefetchable":0,"divToUpdate":"purchase-similarities_feature_div"},{"divToUpdate":"dp-ads-center-promo-top_feature_div"},{"loadingBar":1,"divToUpdate":"promotions_feature_div"},{"divToUpdate":"view-dpv-rich-media_feature_div"},{"divToUpdate":"product-details_feature_div"},{"divToUpdate":"need-help-deciding_feature_div"},{"loadingBar":1,"isPrefetchable":0,"divToUpdate":"product-details-grid_feature_div"},{"loadingBar":1,"divToUpdate":"important-information_feature_div"},{"divToUpdate":"dpx-aplus-product-description_feature_div"},{"loadingBar":1,"divToUpdate":"cpsia-product-safety-warning_feature_div"},{"isPrefetchable":0,"divToUpdate":"dp-out-of-stock-top_feature_div"},{"loadingBar":1,"isPrefetchable":0,"divToUpdate":"dp-ads-middle_feature_div"},{"loadingBar":1,"isPrefetchable":0,"divToUpdate":"accessories-and-compatible-products_feature_div"},{"loadingBar":1,"divToUpdate":"conditional-probability_feature_div"},{"divToUpdate":"like-delayed-render_feature_div"},{"divToUpdate":"dp-ads-center-promo_feature_div"},{"loadingBar":1,"isPrefetchable":0,"divToUpdate":"ask-btf_feature_div"},{"loadingBar":1,"isPrefetchable":0,"divToUpdate":"customer-reviews_feature_div"},{"isPrefetchable":0,"divToUpdate":"twister-cf-marker_feature_div"},{"divToUpdate":"ld-notifier-widget_feature_div"},{"divToUpdate":"lazy-load-content_feature_div"},{"loadingBar":1,"divToUpdate":"browse_feature_div"},{"isPrefetchable":0,"divToUpdate":"twister-log-metrics_feature_div"},{"isPrefetchable":0,"divToUpdate":"dp-fast-track-logger_feature_div"}]}},"useBeaconizedEVDD":1,"loadingBarHtml":"<div style=\"display:inline;margin:10px;\"><span style=\"font-family: Tahoma,Arial,Helvetica,sans-serif;color:#000000;font-size: 12px; \">Daten werden geladen...<img src=\"http://g-ecx.images-amazon.com/images/G/03/x-locale/communities/tags/snake._CB192234769_.gif\" width=\"16\" height=\"16\" align=\"absmiddle\" style=\"display: inline\"></span></div>","currentDimCombID":"0","pageRefreshRefactor":"1","useVariationsOverlay":0,"asinToDimIndexMapData":{"B00BSNACII":["0"]},"twisterMarkImageLoad":1,"storeID":"grocery"};
       return dataToReturn;
    });
</script>









  
  
  
  
  
  
  
  
  











 
 
 








<style>
  #nav-prime-tooltip{
    padding: 0 20px 2px 20px;
    background-color: white;
    font-family: arial,sans-serif;
  }
  .nav-npt-text-title{
    font-family: arial,sans-serif;
    font-size: 18px;
    font-weight: bold;
    line-height: 21px;
    color: #E47923;
  }
  .nav-npt-text-detail, a.nav-npt-a{
    font-family: arial,sans-serif;
    font-size: 12px;
    line-height: 14px;
    color: #333333;
    margin: 2px 0px;
  }
  a.nav-npt-a {
    text-decoration: underline;
  }
</style>

<div  style="display: none">
  <div id="nav-prime-tooltip">
    <div class="nav-npt-text-title"> Testen Sie jetzt alle Amazon Prime-Vorteile </div>
    <div class="nav-npt-text-detail"> Prime-Mitglieder genießen Zugang zu gratis Premiumversand, tausenden Filmen und Serienepisoden mit Prime Video, über einer Million Songs mit Prime Music und vielem mehr. </div>
    <div class="nav-npt-text-detail">
      &gt;
      <a class="nav-npt-a" href="/gp/prime/ref=nav_tooltip_redirect/278-8288477-3349315">Jetzt testen</a>
    </div>
  </div>
</div>









<div style="display: none">
  <div id="nav-prime-menu" class="nav-empty nav-flyout-content nav-ajax-prime-menu">
    <div class="nav_dynamic"></div>
    <div class="nav-ajax-message"></div>
    <div class="nav-ajax-error-msg">
      <p class="nav_p nav-bold">Momentanes Problem beim Laden dieses Menüs.</p>
      <p class="nav_p"><a href="/gp/prime/ref=nav_prime_ajax_err/278-8288477-3349315" class="nav_a">Weitere Informationen über Amazon Prime.</a></p>
    </div>
  </div>
</div>






  <script type='text/javascript'>
      window.$Nav && $Nav.declare('config.prefetchUrls', ["https://images-eu.ssl-images-amazon.com/images/G/01/authportal/common/images/amznbtn-sprite03._CB395592492_.png","https://images-eu.ssl-images-amazon.com/images/G/03/authportal/common/images/amazon_logo_no-org_mid._CB143113074_.png","https://images-eu.ssl-images-amazon.com/images/G/03/authportal/flex/reduced-nav/ap-flex-reduced-nav-2.0._CB309248132_.js","https://images-eu.ssl-images-amazon.com/images/G/03/authportal/flex/reduced-nav/ap-flex-reduced-nav-2.1._CB343893857_.css","https://images-eu.ssl-images-amazon.com/images/G/03/gno/images/general/navAmazonLogoFooter._CB169459258_.gif","https://images-eu.ssl-images-amazon.com/images/G/03/x-locale/common/buttons/sign-in-secure._CB192194049_.gif","https://images-eu.ssl-images-amazon.com/images/G/03/x-locale/common/login/fwcim._CB342129235_.js","https://images-eu.ssl-images-amazon.com/images/G/03/x-locale/communities/social/snwicons_v2._CB402380168_.png","https://images-eu.ssl-images-amazon.com/images/G/03/x-locale/cs/help/images/spotlight/kindle-family-02b._CB369420141_.jpg","https://images-eu.ssl-images-amazon.com/images/G/03/x-locale/cs/orders/images/acorn._CB192558166_.gif","https://images-eu.ssl-images-amazon.com/images/G/03/x-locale/cs/orders/images/amazon-gc-100._CB192236811_.gif","https://images-eu.ssl-images-amazon.com/images/G/03/x-locale/cs/orders/images/amazon-gcs-100._CB192558166_.gif","https://images-eu.ssl-images-amazon.com/images/G/03/x-locale/cs/orders/images/btn-close._CB192558167_.gif","https://images-eu.ssl-images-amazon.com/images/G/03/x-locale/cs/projects/text-trace/texttrace_typ._CB353753409_.js","https://images-eu.ssl-images-amazon.com/images/G/03/x-locale/cs/ya/images/new-link._CB192235928_.gif","https://images-eu.ssl-images-amazon.com/images/G/03/x-locale/cs/ya/images/shipment_large_lt._CB192235641_.gif"]);
window.$Nav && $Nav.declare('config.prefetch',function() {
    var pUrls = window.$Nav.getNow('config.prefetchUrls');
    (window.AmazonUIPageJS ? AmazonUIPageJS : P).when('A').execute(function (A) { A.preload(pUrls); });
});

  /*  */
  
  __auiPreloadIndex = window.__auiPreloadIndex || 0;
  (window.AmazonUIPageJS ? AmazonUIPageJS : P).when('A').execute("auiPreloadJS_"+(++__auiPreloadIndex), function(A){
    A.preload('http://z-ecx.images-amazon.com/images/I/01YAhwn3AyL._RC|71RixZdXwXL.js,51hXuaB2fiL.js,01A18a0oAWL.js,31KWPx5AjmL.js,01wBjiz9OvL.js_.js#AUIClients/NavDesktopMetaAsset');
    A.preload('https://images-eu.ssl-images-amazon.com/images/I/01YAhwn3AyL._RC|71RixZdXwXL.js,51hXuaB2fiL.js,01A18a0oAWL.js,31KWPx5AjmL.js,01wBjiz9OvL.js_.js#AUIClients/NavDesktopMetaAsset');
  });
  (window.AmazonUIPageJS ? AmazonUIPageJS : P).when('A').execute("auiPreloadCSS_"+(++__auiPreloadIndex), function(A){
    A.preload('http://z-ecx.images-amazon.com/images/I/61cAIQsR7nL._RC|01h78L-cgLL.css,21e1xEhXt1L.css,118pQdz77VL.css_.css#AUIClients/NavDesktopMetaAsset');
    A.preload('https://images-eu.ssl-images-amazon.com/images/I/61cAIQsR7nL._RC|01h78L-cgLL.css,214FXNZASwL.css,118pQdz77VL.css_.css#AUIClients/NavDesktopMetaAsset');
  });



    window.$Nav && $Nav.declare('config.flyoutURL', "http://static.amazon.de/gp/navigation/flyouts/flyouts-D0fWUWRPaX7p3glRF44F2m8JJfdJWZCUaX4J01rD4ODjclVIGThDZndg7S2mFwJjLlAOwPzzjSS0L1MvguJlF_-kXPLj3Ug34kmfnzE-rQfp_Q-R3-_htDv_BZvv0Gd37GO_Orep43Vmcj5w0udMsJURfS5oru0f2c4wK6o90g08roY0tDe9IpQ6zpWqFje5Hd-HpOZLh8pY_v03DXnumKPI7ifW4Fxlisc1_qr0XQvmVn14l1R3yKT8n_DfGmXuTAhKowtB0YkayDtJf4zf9LBXQ5W_KZqotVrnnik0PMTr8efeC5cuyUw-IYJAM5akc1Pt4bNnYszEr5MiP1h6V9uLWJjDc9esvJm_9jW8XS5iyKZ8vHSqSrMdzobDdA7_lw9uRDMURKTpXNUKgVyHlF_Tvwvp4Tz2DoQ3njRUeQW5Nilxw--NxDAYoKr8ywQTxbqtCC_efaMN5VtRxpBrJiVYOus22B59BiQLzSK3SaaShDBkh-qkxYsmdWgBcTGnLdnMx40HbAyFhJhsbKQf7RTejGTUfCngsCE1SUEgzpOXIIosbVmf5Ulx21AjFNEWiR-j-KYHe2BOMQRFOi-9_QOc1ejxQUbaLvSUUiP9bQ4MzoGhPYz12iAUTAN4oe1ziAxWchBLtX8TUv8LdY3cl96vYNY5j3GHQB1E_Buxdv3w3KovBbI946eouzyPOW_mm_oFQSHfaQ0As5_yPFbpDw.js?ie=UTF8");
    window.$Nav && $Nav.declare('btf.lite');
    window.$Nav && $Nav.declare('btf.full');
    window.$Nav && $Nav.declare('btf.exists');
    (window.AmazonUIPageJS ? AmazonUIPageJS : P).register('navCF');
  </script>


<div id="ld-notifier-widget_feature_div">
</div>


<div id="pldn-referrer-tracker_feature_div">







</div>


<div id="smile-campaign_feature_div">
</div>


<div id="dp_bottom_lazy_lazy_load_div">


<div id="lazy-load-content_feature_div">

    




<script>
  (window.AmazonUIPageJS ? AmazonUIPageJS : P).load.js('http://z-ecx.images-amazon.com/images/G/01/AUIClients/DetailPageLazyLoadLibAssets-5e248ff38f5cfe623b72e1b4d40468dcd5bd6540._V2_.js#AUIClients/DetailPageLazyLoadLibAssets.min');
</script>


<script type="text/JavaScript">

     P.when("jQuery", "lazyLoadLib","ready").execute(function ($) {
            $('#dp_bottom_lazy_lazy_load_div').lazyLoadContent({
             threshold : 1200,
             url: "/gp/rcxll/dpview/B013USRV1E/278-8288477-3349315?ie=UTF8&childASIN=B00BSNACII&m=A3JWKAKR8XB7XF&requestID=0WSYMHX46SV2Y1P04DFY&useChild=1&useTwister=1&vi=zbottest",
             metrics : true,
             name : 'dp_bottom_lazy',
             cache : true
             }); 
     });
</script>
</div>
</div>










<div id="browse_feature_div">

 

    



<hr noshade="noshade" size="1" class="bucketDivider" />
<div class="bucket">
  <h2>Ähnliche Artikel finden</h2>
  




    <div class="disclaim">Größe: <strong>4 x 600g</strong></div>




    
  <div class="content">
  <ul>
   <li><a href="/Lebensmittel-Getr%C3%A4nke/b/ref=dp_brlad_entry/278-8288477-3349315?ie=UTF8&amp;node=340846031">Lebensmittel & Getränke</a> > <a href="/Babynahrung-Kindermilch-Beikost/b/ref=dp_brlad_entry/278-8288477-3349315?ie=UTF8&amp;node=358555031">Babynahrung</a> > <a href="/Milchnahrung-Babys/b/ref=dp_brlad_entry/278-8288477-3349315?ie=UTF8&amp;node=364603031">Milchnahrung</a> > <a href="/Kindermilch/b/ref=dp_brlad_entry/278-8288477-3349315?ie=UTF8&amp;node=1386609031">Kindermilch</a></li>
  </ul>
  </div>
</div>








</div>
<!--wlscci--><div align="left"><a name="legal-disclaimer"></a><b>Haftungsausschluss:</b> Obwohl wir uns stets um die Richtigkeit der Produktangaben auf unserer Internetseite bem&uuml;hen, kann es mitunter vorkommen, dass Hersteller ihr Zutatenverzeichnis &auml;ndern. Die Produktverpackung und zugeh&ouml;rigen Dokumente enthalten m&ouml;glicherweise Angaben, die &uuml;ber die auf unserer Internetseite gemachten Angaben hinausgehen und/oder sich von ihnen unterscheiden. S&auml;mtliche Produktangaben auf unserer Internetseite werden allein zu Informationszwecken bereitgestellt. Wir empfehlen Ihnen, sich nicht allein auf die Angaben zu verlassen, die auf unserer Internetseite angezeigt werden, sondern sich vor Gebrauch bzw. Verzehr der Ware stets auch sorgf&auml;ltig die Etiketten, Warnhinweise und Anleitungen durchzulesen, die mit der Ware geliefert werden. Sollten Sie Sicherheitsbedenken gleich welcher Art haben oder weitere Angaben zur Ware w&uuml;nschen, lesen Sie bitte sorgf&auml;ltig die Angaben auf den Etiketten und der Verpackung und wenden sich an den Hersteller. Die Angaben auf dieser Internetseite k&ouml;nnen eine fachkundige Auskunft Ihres Arztes, Apothekers oder einer anderen medizinischen Fachkraft nicht ersetzen. Bei Fragen zur Vertr&auml;glichkeit, zu Risiken oder Nebenwirkungen der Einnahme oder Anwendung des Produktes wenden Sie sich bitte an Ihren Arzt oder Apotheker. Unsere Beschreibungen und sonstigen Angaben zu den Waren dienen nicht dem Zweck der Diagnose, Behandlung, Heilung oder Vorbeugung einer Krankheit oder eines Gesundheitszustandes. Amazon.de haftet nicht f&uuml;r ungenaue oder unrichtige Produktangaben seitens der Hersteller oder sonstiger Dritter. Ihre gesetzlichen Anspr&uuml;che bleiben unber&uuml;hrt.
<br clear="all"/><br clear="all"/>
Amazon EU S.a.r.l. ist bio-zertifiziert nach EG-&Ouml;ko-Basisverordnung von der Kontrollstelle LU-BIO-04
</div>
            
            
    







 



<div id="merchant-help-links"><table border="0" width="100%" cellpadding="1" cellspacing="0" bgcolor="#999999">
<tr><td>
  
<table cellspacing="0" cellpadding="5" width="100%" bgcolor="#FFFFFF">
<tr>
<td valign="top" align="middle" width="33%" class="small">
  <a href="/gp/help/seller/privacy-policy.html/ref=ms_mhelp_prvst/278-8288477-3349315?ie=UTF8&amp;seller=A3JWKAKR8XB7XF">Datenschutzerklärung von Amazon.de</a>
</td>
<td valign="top" align="middle" width="34%" class="small">
  <a href="/gp/help/seller/shipping.html/ref=ms_mhelp_ship/278-8288477-3349315?ie=UTF8&amp;seller=A3JWKAKR8XB7XF">Versandbedingungen von Amazon.de</a>
</td>
<td valign="top" align="middle" width="33%" class="small">
  <a href="/gp/help/seller/returns.html/ref=ms_mhelp_return/278-8288477-3349315?ie=UTF8&amp;seller=A3JWKAKR8XB7XF">Umtausch- & Rücknahme bei Amazon.de</a>
</td>
</tr>
</table>

</td>
</tr>
</table>
<br /></div>











<table width="100%" align="center">





</table>



























    
















<style type="text/css">
.rhf-frame {
    display: none;
    min-width: 940px;
    position: relative;
}

.rhf-border {
    border: 1px solid #DDD;
    border-radius: 5px;
    padding: 0px 20px;
}

.rhf-header {
    color: #444;
    font-family: Arial;
    font-size: 20px;
    font-weight: normal;
    padding:10px 10px 3px 10px;
    text-align:left;
    white-space: nowrap;
}

#ybh-text-on {
    display: none;
}


.rhf-fresh-header {
    color: #444;
    font-family: Arial;
    font-size: 20px;
    font-weight: normal;
    white-space: nowrap;
}

.rvi-fresh-footer {
    background-color: rgba(0,0,0,.03);
    padding-left: 35px !important;
    padding-right: 35px !important;
    position: relative;
}

.rvi-fresh-container {
    height: 100px;
    overflow: hidden;
}

.rvi-fresh-container .rhf-RVIs {
    display: inline-block;
    position: relative;
}

.rvi-fresh-container .rhf-RVIs a img {
    box-sizing: border-box;
    vertical-align: middle;
}

.rvi-fresh-container .rhf-faceout-hue {
    background-color: rgba(0,0,0,.03);
    position: absolute;
    left: 0px;
    top: 0px;
    right: 0px;
    bottom: 0px;
    z-index: 100;
}

.ybh-fresh-link a {
    text-decoration: none !important;
}

.ybh-fresh-link {
    color: black !important;
    text-decoration: none !important;
}

.ybh-fresh-link-arrow {
    font-size: 16px;
    vertical-align: bottom;
}


.rhf-loading-outer {
    height: 248px;
    overflow: hidden;
    position: relative;
    margin-top: 10px;
    width: 100% !important;
}
.rhf-loading-outer[class] {
    display: table;
    position: static;
}
.rhf-loading-middle {
    height: 100%;
    width: 100% !important;
}
.rhf-loading-inner {
    text-align: center;
    vertical-align: middle;
}

#rhf-shoveler {
    color: black;
    padding: 10px;
}

.rhf-source-title {
    color: black;
    font-size: 15px;
    font-weight: normal;
}

.rhf-footer {
    padding-bottom: 14px;
}

.rvi-container {
    height: 75px;
    line-height: 75px;
    overflow: hidden;
    padding: 0 10px;
    position: relative;
}

.rvi-container .you-viewed {
    display: inline-block;
    line-height: 13px;
    margin-right: 3px;
    text-align: right;
    width: 45px;        /* this value is overridden in some locales */
    vertical-align: middle;
}

.rvi-container .you-viewed-divider {
    border-left: 1px solid #ddd;
    display: inline-block;
    height: 50px;
    margin-left: 10px;
    vertical-align: middle;
}

#rhf .rhf-border a {
    text-decoration: none;
    color: #004B91;
}

#rhf .rhf-border a:hover {
    color: #E47911;
}

.rvi-container .you-viewed,
.rvi-container #ybh-text-on,
.rvi-container #ybh-text-off,
.rvi-container #ybh-link,
.rhf-sign-in-button {
    color: black;
    font-family: Arial;
    font-size: 13px;
}

.rvi-container #ybh-text-on,
.rvi-container #ybh-text-off {
    padding-left: 40px;
    padding-right: 10px;
}

.rvi-container #ybh-text-on {
    display: none;
}

.rhf-sign-in-tooltip-new-customer {
    font-family: Arial;
    font-size: 11px;
}

.rhf-footer .ybh-edit {
    float: right;
    margin-top: 18px;
    padding-left: 40px;
    padding-right: 10px;
}

.ybh-edit .ybh-edit-arrow,
.ybh-edit .ybh-edit-link {
    display: inline-block;
    font-family: Arial;
    font-weight: bold;
    line-height: 11px;
    vertical-align: top;
}

.ybh-edit .ybh-edit-arrow {
    color: rgb(204, 153, 0);
    font-size: 11px;
    margin-top: -2px;
    padding-right: 8px;
}

.ybh-edit .ybh-edit-link {
    font-size: 10px;
    width: 80px;
}

#rhf a:hover .title,
#rhf a:active .title {
    text-decoration: underline;
}

.rhf-state-signin {
    margin-top: 19px;
    margin-bottom: 17px;
}

.rhf-sign-in-button-box {
    float: right;
    border-left: 1px solid #ddd;
    margin-right: -30px;
    text-align: center;
    white-space: nowrap;
}

.rhf-sign-in-button {
    border: 0;
    line-height: 15px;
    margin: 0;
    padding-left: 20px;
    padding-right: 20px;
}

.rhf-sign-in-button .action-button,
.rhf-sign-in-button a.action-button:hover,
.rhf-sign-in-button a.action-button:link,
.rhf-sign-in-button a.action-button:active {
    max-width: 230px;
    text-decoration: none;
    margin-bottom: 5px;
    margin-top: 5px;
    width: 230px;
    display:block;
    background-position: -10px -170px;
    background-image: url("http://g-ecx.images-amazon.com/images/G/03/gno/beacon/BeaconSprite-DE-01._CB147913157_.png");
}


.rhf-sign-in-button .action-inner,
a.action-button:link .action-inner,
a.action-button:active .action-inner,
a.action-button:hover .action-inner,
a.action-button:visited .action-inner {
    cursor: pointer;
    background-position: right -170px;
    display: block;
    height: 28px;
    position: relative;
    color: black;
    font-size: 12px;
    line-height: 28px;
    text-align: center;
    font-family: "arial","sans-serif";
    font-weight: bold;
    text-decoration: none;
    text-shadow: 0px 1px 0px #ffe093;
}

.rvi-container .no-rvi-message {
    color: black;
    float: left;
    font-size: 13px;
    font-style: italic;
}

.rhf-divider {
    border-top: 1px solid #DDD;
    height: 23px;
    margin-bottom: -6px;
    background: -moz-linear-gradient(top,#ddd,#f7f7f7 3px,white);
    background: -webkit-gradient(linear,left top,left bottom,color-stop(0%,#ddd),color-stop(3px,#f7f7f7),color-stop(100%,white));
    background: -webkit-linear-gradient(top,#ddd,#f7f7f7 3px,white);
    background: -o-linear-gradient(top,#ddd,#f7f7f7 3px,white);
    background: -ms-linear-gradient(top,#ddd,#f7f7f7 3px,white);
    background: linear-gradient(top,#ddd,#f7f7f7 3px,white);
    filter: none;
    z-index: 0;
    zoom: 1;
}

.rhf-divider:after {
    display: block;
    width: 100%;
    height: 44px;
    background-color: transparent;
    background: -moz-linear-gradient(left,white,rgba(255,255,255,0),white);
    background: -webkit-gradient(linear,left top,right top,color-stop(0%,white),color-stop(50%,rgba(255,255,255,0)),color-stop(100%,white));
    background: -webkit-linear-gradient(left,white,rgba(255,255,255,0),white);
    background: -o-linear-gradient(left,white,rgba(255,255,255,0),white);
    background: -ms-linear-gradient(left,white,rgba(255,255,255,0),white);
    background: linear-gradient(left,white,rgba(255,255,255,0),white);
    filter: none;
    z-index: 1;
    content: "";
}

.rvi-container #ybh-link a {
    cursor: pointer;
    font-size: 13px;
}

.rvi-container .rhf-RVIs {
    display: inline-block;
    padding: 0px 10px 0px 10px;
    vertical-align: middle;
}

.rvi-container .rhf-RVIs a img {
    border: 1px solid #DDD;
    box-sizing: border-box;
    -moz-box-sizing: border-box; /* FireFox */
    -webkit-box-sizing: border-box; /* Safari */
    vertical-align: middle;
}

.rvi-container .rhf-RVIs a:hover img {
    border: 2px solid #E47911;
}

#rhf-container #rhf-recs-down-text {
    padding-top: 13px;
    font-size: 16px;
    line-height: 26px;
}

#rhf-container #rhfNoRecsMessage {
    color: #666666;
    font-size: 13px;
    font-family: Arial;
}

* html .rhf {
    height:1%;
}

 /* spacing for 'You Viewed' string next to RVI */
.rvi-container .you-viewed {
   width: 70px !important;
}







</style><br />
<div id="rhf" class="copilot-secure-display" style="clear:both" role="complementary" aria-label="Ihre zuletzt angesehenen Artikel und besonderen Empfehlungen">

    <div class="rhf-frame">
        <div id="rhf-container">





<div class='rhf-loading-outer'>
    <table class='rhf-loading-middle'>
    <tr>
        <td class='rhf-loading-inner'>
            <img src="http://g-ecx.images-amazon.com/images/G/03/personalization/ybh/loading-4x-gray._CB317976236_.gif" />
        </td>
    </tr>
    </table>
</div>






<script type="text/JavaScript">
(function () {
    "use strict";

    var P = (window.AmazonUIPageJS ? AmazonUIPageJS : window.P);

    var enableYBHLink = function() {
        P.when('p13n-sc-jQuery').execute(function($) {
            $("#ybh-link").click(function() {
                $.ajax({
                      url: '/gp/recent-history-footer/external/ybh-handler.html/278-8288477-3349315',
                      type: "POST",
                      timeout: 2000,
                      data: {
                           parentSession    : '278-8288477-3349315',
                           relatedRequestId : '0WSYMHX46SV2Y1P04DFY',
                           currentPageType  : 'Detail'
                      },
                      dataType: "text",
                      success: function (data, status) {
                           $("#ybh-link").hide();
                           $("#ybh-text-off").hide();
                           $("#ybh-text-on").show();
                      }
                });
            });
        });
    };

    var lazyLoadRHF = function($) {

        // add triggering callBack function if page is part of the experiment (RHF on YA)
        if ('' != ""){
           $.ajax({
               url: '/gp/recent-history-footer/external/rhf-ya-trigger.html/278-8288477-3349315',
               type: "POST",
               data: {
                   relatedRequestId : '0WSYMHX46SV2Y1P04DFY'
               },
               dataType: "json"
          });
        }

        // do not load rhf if in control
        if ('1' == 0){
            return 1;
        }

        var loadCarousel = function(html) {
            P.when('p13n-sc-carousel-init', 'rhf-container')
             .execute(function(carouselInitializer, rhfContainer) {
                rhfContainer.html(html);
                carouselInitializer.init(rhfContainer);
                enableYBHLink();
            });
        };

        var handleSuccess = function(data) {
            if (typeof(data) === 'object' && data.success && data.html) {
                loadCarousel(data.html);
            } else {
                handleError();
            }
        };

        var handleError = function() {
            P.when('rhf-container', 'rhf-error')
             .execute(function(rhfContainer, rhfError) {
                rhfContainer.hide();
                rhfError.show();
            });
        };

        $.ajax({
            url: '/gp/recent-history-footer/external/rhf-handler.html/278-8288477-3349315',
            type: "POST",
            timeout: 5000,
            data: {
                             isAUI : (typeof window.P === 'object' && window.P.AUI_BUILD_DATE) ? 1 : 0,
                     parentSession : '278-8288477-3349315',
                  relatedRequestId : '0WSYMHX46SV2Y1P04DFY',
                   currentPageType : 'Detail',
                currentSubPageType : 'Glance',
                       excludeASIN : 'QjAwQlNOQUNJSQ==',
                          auiDebug : '',
                          rviAsins : '',
                          rhfState : '',
                          rhfAsins : '',
                       noP13NCache : '',
                         recsAsins : '',
                        customerID : '',
                   testRecsFailure : '',
                    weblabTriggers : '',
           contextMetadataOverride : ''
            },
            dataType: "json",
            success: function (data, status) {
                handleSuccess(data);
            },
            error: function (xhr, status) {
                handleError();
            }
        });

    };

    P.when('p13n-sc-jQuery').execute(function($) {
        P.declare('rhf-container', $("#rhf-container"));
        P.declare('rhf-error', $("#rhf-error"));
        P.declare('rhf-frame', $(".rhf-frame"));
        P.declare('rhf-head', $("#rhf"));
    });

    P.when('p13n-sc-jQuery', 'rhf-container', 'rhf-frame',
            'p13n-sc-call-on-visible', 'p13n-sc-carousel-init','rhf-head')
     .execute(function($, rhfContainer, rhfFrame, callOnVisible, carouselInitializer, rhf) {
	if (1 == 1){
	    rhfFrame.show();
        }
        callOnVisible.register(rhf, function () { lazyLoadRHF($); }, { distance: '-400' });
    });

})();
</script>

</div><noscript>

<div class="rhf-border">

    <div class="rhf-header">Ihre zuletzt angesehenen Artikel und besonderen Empfehlungen</div>

<div class="rhf-footer">
    <div class="rvi-container">

<div class="ybh-edit">
    <div class="ybh-edit-arrow"> &#8250; </div>
    <div class="ybh-edit-link"><a href="https://www.amazon.de/gp/yourstore/pym/ref=pd_pyml_rhf/278-8288477-3349315">Browserverlauf anzeigen oder ändern</a></div>
</div>
        <span class="no-rvi-message">Nachdem Sie Produktseiten oder Suchergebnisse angesehen haben, finden Sie hier eine einfache Möglichkeit, diese Seiten wiederzufinden.</span>
    </div>
</div>
</div>
</noscript><div id="rhf-error" style="display:none;">

<div class="rhf-border">

    <div class="rhf-header">Ihre zuletzt angesehenen Artikel und besonderen Empfehlungen</div>

<div class="rhf-footer">
    <div class="rvi-container">

<div class="ybh-edit">
    <div class="ybh-edit-arrow"> &#8250; </div>
    <div class="ybh-edit-link"><a href="https://www.amazon.de/gp/yourstore/pym/ref=pd_pyml_rhf/278-8288477-3349315">Browserverlauf anzeigen oder ändern</a></div>
</div>
        <span class="no-rvi-message">Nachdem Sie Produktseiten oder Suchergebnisse angesehen haben, finden Sie hier eine einfache Möglichkeit, diese Seiten wiederzufinden.</span>
    </div>
</div>
</div>
</div>
    </div>
</div>
<br />




















<div id='navFooter'><a href="#nav-top" id="navBackToTop"><div class="navFooterBackToTop"><span class="navFooterBackToTopText">Zurück zum Seitenanfang</span></div></a>

<table class="navFooterVerticalColumn" cellspacing="0" align="center" role="presentation"><tr><td class="navFooterLinkCol"><div class="navFooterColHead">Über uns</div><ul><li class='nav_first'><a href='/b/ref=footer_careers/278-8288477-3349315?ie=UTF8&amp;node=202588011' class='nav_a'>Karriere bei Amazon</a></li><li><a href='http://www.amazon-presse.de/' class='nav_a'>Pressemitteilungen</a></li><li><a href='/unser-Planet/b/ref=footer_corpres/278-8288477-3349315?ie=UTF8&amp;node=305522031' class='nav_a'>Amazon und unser Planet</a></li><li><a href='/b/ref=footer_community/278-8288477-3349315?ie=UTF8&amp;node=2616664031' class='nav_a'>Amazon gemeinsam</a></li><li><a href='/gp/feature.html/278-8288477-3349315?ie=UTF8&amp;docId=1000746243' class='nav_a'>Amazon Storys</a></li><li><a href='http://www.amazon-logistikblog.de/' class='nav_a'>Amazon Logistikblog</a></li><li class='nav_last'><a href='/b/ref=nav_legal/278-8288477-3349315?ie=UTF8&amp;node=505050' class='nav_a'>Impressum</a></li></ul></td><td class="navFooterColSpacerInner"></td><td class="navFooterLinkCol"><div class="navFooterColHead">Geld verdienen mit Amazon</div><ul><li class='nav_first'><a href='https://services.amazon.de/programme/online-verkaufen/so-funktionierts-pro?ld=AZDESOAFooter' class='nav_a'>Jetzt verkaufen</a></li><li><a href='https://partnernet.amazon.de' class='nav_a'>Partnerprogramm</a></li><li><a href='https://services.amazon.de/programme/versand-durch-amazon/merkmale-und-vorteile/?ld=AZDEFBAFooter' class='nav_a'>Versand durch Amazon</a></li><li><a href='https://services.amazon.de/programme/gesponserte-produkte/so-funktionierts.html/ref=AMZfooter_DE_SP?ld=AZDESPFooter' class='nav_a'>Bewerben Sie Ihre Produkte</a></li><li><a href='https://kdp.amazon.com/help?topicId=A32I2OF1510VZV&amp;language=de_DE' class='nav_a'>Ihr Buch mit uns veröffentlichen</a></li><li><a href='https://payments.amazon.de?ld=AWREDEAPAFooter' class='nav_a'>Login und Bezahlen mit Amazon</a></li><li><a href='http://www.amazon.de/b/?node=8670625031&amp;ref=ve_track_rw_footer' class='nav_a'>Werden Sie ein Amazon-Lieferant</a></li><li class='nav_last nav_a_carat'><span class="nav_a_carat">&rsaquo;</span><a href='/gp/seller-account/mm-landing.html/ref=footer_seeall/278-8288477-3349315?ie=UTF8&amp;topic=200330420' class='nav_a'>Alle anzeigen</a></li></ul></td><td class="navFooterColSpacerInner"></td><td class="navFooterLinkCol"><div class="navFooterColHead">Amazon Zahlungsarten</div><ul><li class='nav_first'><a href='/gp/cobrandcard/marketing.html/ref=footer_cbcc/278-8288477-3349315?ie=UTF8&amp;ad=DECBFOOT&amp;flavor=DECB3ST&amp;inc=10stmt&amp;place=enum&amp;plattr=DECBFOOT&amp;pr=con' class='nav_a'>Amazon.de VISA Karte</a></li><li><a href='/gp/help/customer/display.html/ref=footer_kreditkarten/278-8288477-3349315?ie=UTF8&amp;nodeId=504930' class='nav_a'>Kreditkarten</a></li><li><a href='/Geschenkgutscheine/b/ref=footer_giftcards/278-8288477-3349315?ie=UTF8&amp;node=1571256031' class='nav_a'>Gutscheine</a></li><li><a href='/gp/help/customer/display.html/ref=footer_rechnung/278-8288477-3349315?ie=UTF8&amp;nodeId=915628' class='nav_a'>Rechnung</a></li><li><a href='/gp/help/customer/display.html/ref=footer_bankeinzug/278-8288477-3349315?ie=UTF8&amp;nodeId=504928' class='nav_a'>Bankeinzug</a></li><li><a href='/gp/help/customer/display.html/ref=footer_tfx/278-8288477-3349315?ie=UTF8&amp;nodeId=200219670' class='nav_a'>Amazon Currency Converter</a></li><li class='nav_last'><a href='/gp/gc/create/ref=footer_topup_de/278-8288477-3349315' class='nav_a'>Mein Amazon-Konto aufladen</a></li></ul></td><td class="navFooterColSpacerInner"></td><td class="navFooterLinkCol"><div class="navFooterColHead">Wir helfen Ihnen</div><ul><li class='nav_first'><a href='/gp/css/order-history/ref=footer_hp_ss_comp_tmp/278-8288477-3349315' class='nav_a'>Lieferung verfolgen oder Bestellung anzeigen</a></li><li><a href='/gp/help/customer/display.html/ref=footer_shiprates/278-8288477-3349315?ie=UTF8&amp;nodeId=504938' class='nav_a'>Versand & Verfügbarkeit</a></li><li><a href='/gp/subs/primeclub/signup/main.html/ref=footer_prime/278-8288477-3349315' class='nav_a'>Amazon Prime</a></li><li><a href='/gp/css/returns/homepage.html/ref=hy_f_4/278-8288477-3349315' class='nav_a'>Rückgabe & Ersatz</a></li><li><a href='/gp/digital/fiona/manage/ref=footer_myk/278-8288477-3349315' class='nav_a'>Meine Inhalte und Geräte</a></li><li><a href='/b/ref=footer_mobapp/278-8288477-3349315?ie=UTF8&amp;node=4951330031' class='nav_a'>Amazon App</a></li><li><a href='/gp/BIT/ref=bit_v2_e0002?bitCampaignCode=e0002' class='nav_a'>Amazon Assistant</a></li><li class='nav_last'><a href='/gp/help/customer/display.html/ref=gw_m_b_he/278-8288477-3349315?ie=UTF8&amp;nodeId=504874' class='nav_a'>Hilfe</a></li></ul></td></tr></table>

<div class="navFooterLine navFooterLogoLine"><a href="/ref=footer_logo/278-8288477-3349315"><img src="http://g-ecx.images-amazon.com/images/G/03/gno/images/general/navAmazonLogoFooter._CB169459258_.gif" alt="amazon.de" width="113" height="28" /></a></div>

<div class="navFooterLine navFooterLinkLine navFooterPadItemLine "><ul><li class='nav_first'><a href='http://www.amazon.com.au' class='nav_a'>Australien</a></li><li><a href='http://www.amazon.com.br' class='nav_a'>Brasilien</a></li><li><a href='http://www.amazon.cn/' class='nav_a'>China</a></li><li><a href='http://www.amazon.fr/' class='nav_a'>Frankreich</a></li><li><a href='http://www.amazon.co.uk/' class='nav_a'>Großbritannien</a></li><li><a href='http://www.amazon.in/' class='nav_a'>Indien</a></li><li><a href='http://www.amazon.it/' class='nav_a'>Italien</a></li><li><a href='http://www.amazon.co.jp/' class='nav_a'>Japan</a></li><li><a href='http://www.amazon.ca/' class='nav_a'>Kanada</a></li><li><a href='http://www.amazon.com.mx/' class='nav_a'>Mexiko</a></li><li><a href='http://www.amazon.nl/' class='nav_a'>Niederlande</a></li><li><a href='http://www.amazon.at/' class='nav_a'>Österreich</a></li><li><a href='http://www.amazon.es/' class='nav_a'>Spanien</a></li><li class='nav_last'><a href='http://www.amazon.com/' class='nav_a'>USA</a></li></ul></div>

<div class="navFooterLine navFooterLinkLine navFooterDescLine"><table class="navFooterMoreOnAmazon" cellspacing="0"><tr>
<td class="navFooterDescSpacer" style="width: 42.0%"></td>
<td class="navFooterDescItem"><a href='http://www.abebooks.de' class='nav_a'>AbeBooks<br/> <span class="navFooterDescText">Antiquarische<br/> & gebrauchte Bücher</span></a></td>
<td class="navFooterDescSpacer" style="width: 4%"></td>
<td class="navFooterDescItem"><a href='http://de.buyvip.com' class='nav_a'>Amazon BuyVIP<br/> <span class="navFooterDescText">Shopping Club<br/> für Mode</span></a></td>
<td class="navFooterDescSpacer" style="width: 4%"></td>
<td class="navFooterDescItem"><a href='http://aws.amazon.com/de/?sc_channel=el&amp;sc_campaign=deamazonfooter&amp;sc_publisher=de_amazon&amp;sc_medium=footer&amp;sc_content=&amp;sc_category=AWS_cloud_computing&amp;TRK=EL_de_amazon_footer' class='nav_a'>Amazon Web Services<br/> <span class="navFooterDescText">Cloud Computing Dienste<br/> von Amazon</span></a></td>
<td class="navFooterDescSpacer" style="width: 4%"></td>
<td class="navFooterDescItem"><a href='http://www.audible.de' class='nav_a'>Audible<br/> <span class="navFooterDescText">Hörbücher<br/> herunterladen</span></a></td>
<td class="navFooterDescSpacer" style="width: 4%"></td>
<td class="navFooterDescItem"><a href='http://www.bookdepository.com/' class='nav_a'>Book Depository<br/> <span class="navFooterDescText">Bücher mit kostenfreier<br/> Lieferung weltweit</span></a></td>
<td class="navFooterDescSpacer" style="width: 42.0%"></td>
</tr>
<tr><td>&nbsp;</td></tr>
<tr>
<td class="navFooterDescSpacer" style="width: 42.0%"></td>
<td class="navFooterDescItem"><a href='https://www.createspace.com/pub/l/diy_de.do' class='nav_a'>CreateSpace<br/> <span class="navFooterDescText">Ihr Buch als gedruckte<br/> Version veröffentlichen</span></a></td>
<td class="navFooterDescSpacer" style="width: 4%"></td>
<td class="navFooterDescItem"><a href='http://www.imdb.de/' class='nav_a'>IMDb<br/> <span class="navFooterDescText">Filme, TV<br/> & Stars</span></a></td>
<td class="navFooterDescSpacer" style="width: 4%"></td>
<td class="navFooterDescItem"><a href='http://kdp.amazon.de' class='nav_a'>Kindle Direct Publishing<br/> <span class="navFooterDescText">Ihr E-Book<br/> veröffentlichen</span></a></td>
<td class="navFooterDescSpacer" style="width: 4%"></td>
<td class="navFooterDescItem"><a href='http://www.myhabit.com/' class='nav_a'>MYHABIT<br/> <span class="navFooterDescText">Private Modeschöpfer<br/> Verkäufe</span></a></td>
<td class="navFooterDescSpacer" style="width: 4%"></td>
<td class="navFooterDescItem"><a href='http://www.shopbop.com/de/welcome' class='nav_a'>Shopbop<br/> <span class="navFooterDescText">Designer<br/> Modemarken</span></a></td>
<td class="navFooterDescSpacer" style="width: 42.0%"></td>
</tr>
<tr><td>&nbsp;</td></tr>
<tr>
<td class="navFooterDescSpacer" style="width: 42.0%"></td>
<td class="navFooterDescItem">&nbsp;</td>
<td class="navFooterDescSpacer" style="width: 4%"></td>
<td class="navFooterDescItem"><a href='/b/ref=footer_wrhsdls/278-8288477-3349315?ie=UTF8&amp;node=3581963031' class='nav_a'>Warehouse Deals<br/> <span class="navFooterDescText">Reduzierte B-Ware</span></a></td>
<td class="navFooterDescSpacer" style="width: 4%"></td>
<td class="navFooterDescItem"><a href='http://www.zvab.com/index.do?ref=amazon&amp;utm_medium=referral&amp;utm_source=amazon.de' class='nav_a'>ZVAB<br/> <span class="navFooterDescText">Zentrales Verzeichnis<br/> Antiquarischer Bücher</span></a></td>
<td class="navFooterDescSpacer" style="width: 4%"></td>
<td class="navFooterDescItem"><a href='/lovefilm/ref=nav_footer_lovefilm/278-8288477-3349315' class='nav_a'>LOVEFiLM<br/> <span class="navFooterDescText">DVD & Blu-ray<br/> Verleih per Post</span></a></td>
<td class="navFooterDescSpacer" style="width: 4%"></td>
<td class="navFooterDescItem">&nbsp;</td>
<td class="navFooterDescSpacer" style="width: 42.0%"></td>
</tr>
</table></div>

<div class="navFooterLine navFooterLinkLine navFooterPadItemLine"><ul><li class='nav_first'><a href='/gp/help/customer/display.html/ref=footer_cou/278-8288477-3349315?ie=UTF8&amp;nodeId=505048' class='nav_a'>Unsere AGB</a></li><li><a href='/gp/help/customer/display.html/ref=footer_privacy/278-8288477-3349315?ie=UTF8&amp;nodeId=3312401' class='nav_a'>Datenschutzerklärung</a></li><li><a href='/gp/help/customer/display.html/ref=footer_impressum/278-8288477-3349315?ie=UTF8&amp;nodeId=505050' class='nav_a'>Impressum</a></li><li class='nav_last'><a href='/gp/help/customer/display.html/ref=footer_intbasedads/278-8288477-3349315?ie=UTF8&amp;nodeId=201151440' class='nav_a'>Cookies & Internet-Werbung</a></li></ul><span>© 1998-2016, Amazon.com, Inc. oder Tochtergesellschaften</span><ul></ul></div>
</div>
<!-- whfh-4h/XQ6GCDMzzWEB3w0WVsX6hm09qyOzIhlHJJoy8p/bdg5fSARE7SEEteY8W1Qne rid-0WSYMHX46SV2Y1P04DFY -->
<div id="sis_pixel_r2" aria-hidden="true" style="height:1px; position: absolute; left: -1000000px; top: -1000000px;"></div><script>(function(a,b){a.attachEvent?a.attachEvent("onload",b):a.addEventListener&&a.addEventListener("load",b,!1)})(window,function(){setTimeout(function(){var el=document.getElementById("sis_pixel_r2");el&&(el.innerHTML='<iframe id="DAsis" src="//aax-eu.amazon-adsystem.com/s/iu3?d=amazon.de&slot=navFooter&a2=0101ecde63e8f841fc43d4255c13ef09b964e3a6e0812900639421faa91e49955a7c&old_oo=0&cb=1464075789486" width="1" height="1" frameborder="0" marginwidth="0" marginheight="0" scrolling="no"></iframe>')},300)});</script>



  






<script type='text/javascript'>
    amznJQ.addLogical('immersiveView', ["http://z-ecx.images-amazon.com/images/G/01/browser-scripts/immersiveView/immersiveView-990982538._V1_.js"]);
</script>

<script type='text/javascript'><!--
/* customer-reviews */



  
P.when("A").execute(function(A) {
   
   function vote(event) {
     var root = A.$(event.data.rootComponentId);
     var target = event.$target;
     root.find(".cr-vote-buttons").addClass("a-hidden");
     root.find(".cr-vote-feedback").removeClass("a-hidden");
       
     A.get(target.attr("href") + "&type=json&_=" + (new Date()).getTime(),
     {
	   dataType: 'json',
	   ajaxTimeout: 10000,
	   success: function(data, textStatus){ 
         success(data, root, target);
       },
	   error: function(XMLHttpRequest, textStatus, errorThrown){
         error(root, target);
       }
	 });
     event.$event.preventDefault();

   }

   function isNoButton(target) {       
     return target.closest(".noButton").length > 0;
   }

   function success(data, root, target) {
       if (data.redirect == 1) {
	   window.location.href = target.attr("href");
       } else if (data.error == 1) {
	   error(root, target);
       } else {
	   root.find(".cr-vote-success").removeClass("a-hidden");	   
	   root.find(".cr-vote-feedback").addClass("a-hidden");
       }
   }

   function error(root, target) {
       root.find(".cr-vote-error").removeClass("a-hidden");	   
       root.find(".cr-vote-feedback").addClass("a-hidden");
   }

   A.declarative("cr-vote", ["click"], vote);
});


//--></script>
 
 




<div id="amznCompressDiv">
</div>
<script type="text/javascript">
  if (window.amznJQ) {
    amznJQ.onReady('jQuery', function () {
        document.cookie="GZ=0;path=/";

        setTimeout(function() {
            jQuery('#amznCompressDiv').append('<iframe id="amznCompressIframe" width="0" height="0" frameborder="0" style="display:none"> </iframe>');
            jQuery('#amznCompressIframe').attr('src', '/gp/compression/base/detail/278-8288477-3349315');
        }, 3000);

      });
  }
</script>




<script>
  __auiPreloadIndex = window.__auiPreloadIndex || 0;
  (window.AmazonUIPageJS ? AmazonUIPageJS : P).when('A').execute("auiPreloadJS_"+(++__auiPreloadIndex), function(A){
    A.preload('http://z-ecx.images-amazon.com/images/G/01/AUIClients/AmazonUI-46b350ce7918729a03740727676b761a9c8addac._V2_.js#AUIClients/AmazonUI.rendering_engine-not-trident.udp_amznjq_shim.min');
    A.preload('https://images-na.ssl-images-amazon.com/images/G/01/AUIClients/AmazonUI-46b350ce7918729a03740727676b761a9c8addac._V2_.js#AUIClients/AmazonUI.rendering_engine-not-trident.secure.udp_amznjq_shim-true.min');
    A.preload('http://z-ecx.images-amazon.com/images/I/11%2Bz2%2BMNlIL._RC|21T+wghIdtL.js,210750+VhVL.js,01lJcYXHevL.js,3124FsDTcjL.js,41HM1xUVkGL.js,51OiqInYFPL.js,31kvGL5KPxL.js,0160Lz3UB5L.js,01dxEvVBUeL.js,01DdN5HYGpL.js,71ubm0m2bPL.js,41tq9fIxLyL.js,01zUvGCQbPL.js,01X5C8pWB1L.js,01LHJt5PiyL.js,01f61VgJGUL.js,31oxXsLwgnL.js,21xCmH2zwZL.js_.js#AUIClients/SoftlinesDetailPageMetaAsset');
    A.preload('https://images-eu.ssl-images-amazon.com/images/I/11%2Bz2%2BMNlIL._RC|21T+wghIdtL.js,210750+VhVL.js,01lJcYXHevL.js,3124FsDTcjL.js,41HM1xUVkGL.js,51OiqInYFPL.js,31kvGL5KPxL.js,0160Lz3UB5L.js,01dxEvVBUeL.js,01DdN5HYGpL.js,71ubm0m2bPL.js,41tq9fIxLyL.js,01zUvGCQbPL.js,01X5C8pWB1L.js,01LHJt5PiyL.js,01f61VgJGUL.js,31oxXsLwgnL.js,21xCmH2zwZL.js_.js#AUIClients/SoftlinesDetailPageMetaAsset');
    A.preload('http://z-ecx.images-amazon.com/images/I/210750%2BVhVL._RC|01lJcYXHevL.js,3124FsDTcjL.js,41HM1xUVkGL.js,11umwnj4umL.js,21CwYizqTRL.js,3195CneOqIL.js,01DdN5HYGpL.js,71ubm0m2bPL.js,41tq9fIxLyL.js,01zUvGCQbPL.js,01X5C8pWB1L.js,01LHJt5PiyL.js,01f61VgJGUL.js,31oxXsLwgnL.js,21xCmH2zwZL.js_.js#AUIClients/MediaDetailPageMetaAsset');
    A.preload('https://images-eu.ssl-images-amazon.com/images/I/210750%2BVhVL._RC|01lJcYXHevL.js,3124FsDTcjL.js,41HM1xUVkGL.js,11umwnj4umL.js,21CwYizqTRL.js,3195CneOqIL.js,01DdN5HYGpL.js,71ubm0m2bPL.js,41tq9fIxLyL.js,01zUvGCQbPL.js,01X5C8pWB1L.js,01LHJt5PiyL.js,01f61VgJGUL.js,31oxXsLwgnL.js,21xCmH2zwZL.js_.js#AUIClients/MediaDetailPageMetaAsset');
    A.preload('http://z-ecx.images-amazon.com/images/I/31yw-xUfw0L._RC|21T+wghIdtL.js,210750+VhVL.js,01lJcYXHevL.js,3124FsDTcjL.js,41HM1xUVkGL.js,31kvGL5KPxL.js,41tq9fIxLyL.js,21lI163BfyL.js,01dxEvVBUeL.js,112IXy0KrSL.js,01DdN5HYGpL.js,71ubm0m2bPL.js,51HOwnzg8NL.js,11B-6oFpmdL.js,31wu56JnmKL.js,01STS3QrYuL.js,01tmPUPXtdL.js,61Q5kcjylNL.js,01zUvGCQbPL.js,01X5C8pWB1L.js,01LHJt5PiyL.js,01f61VgJGUL.js,31oxXsLwgnL.js,01YVu6IzvIL.js,21xCmH2zwZL.js,0193uyIciNL.js,31VReWMQSPL.js_.js#AUIClients/HardlinesDetailPageMetaAsset');
    A.preload('https://images-eu.ssl-images-amazon.com/images/I/31yw-xUfw0L._RC|21T+wghIdtL.js,210750+VhVL.js,01lJcYXHevL.js,3124FsDTcjL.js,41HM1xUVkGL.js,31kvGL5KPxL.js,41tq9fIxLyL.js,21lI163BfyL.js,01dxEvVBUeL.js,112IXy0KrSL.js,01DdN5HYGpL.js,71ubm0m2bPL.js,51HOwnzg8NL.js,11B-6oFpmdL.js,31wu56JnmKL.js,01STS3QrYuL.js,01tmPUPXtdL.js,61Q5kcjylNL.js,01zUvGCQbPL.js,01X5C8pWB1L.js,01LHJt5PiyL.js,01f61VgJGUL.js,31oxXsLwgnL.js,01YVu6IzvIL.js,21xCmH2zwZL.js,0193uyIciNL.js,31VReWMQSPL.js_.js#AUIClients/HardlinesDetailPageMetaAsset');
  });
  (window.AmazonUIPageJS ? AmazonUIPageJS : P).when('A').execute("auiPreloadCSS_"+(++__auiPreloadIndex), function(A){
    A.preload('http://z-ecx.images-amazon.com/images/G/01/AUIClients/AmazonUI-f28e5b0187075e51333d2b1d2c00acf2318fc9f3._V2_.css#AUIClients/AmazonUI.rendering_engine-not-trident.udp_amznjq_shim.min');
    A.preload('https://images-na.ssl-images-amazon.com/images/G/01/AUIClients/AmazonUI-f9ef76521d3dd9c19a37db91cf813e4b5e5f94b7._V2_.css#AUIClients/AmazonUI.rendering_engine-not-trident.secure.udp_amznjq_shim-true.min');
    A.preload('http://z-ecx.images-amazon.com/images/I/61929wtiD0L._RC|314+J0G-4bL.css,11FgAc1zMiL.css,01tbYi0NqvL.css,21e-Ab7SQHL.css,113FuDtwChL.css,413-lmjeakL.css,21xaajvpfWL.css,01hvfEvfPgL.css,01RSPSfDB5L.css,01GT2VH57dL.css,21Rjwbph1AL.css_.css#AUIClients/SoftlinesDetailPageMetaAsset');
    A.preload('https://images-eu.ssl-images-amazon.com/images/I/61929wtiD0L._RC|31aAyaxT5eL.css,11FgAc1zMiL.css,01tbYi0NqvL.css,21J-VJvuQQL.css,113FuDtwChL.css,41D+QGsGE4L.css,21xaajvpfWL.css,01hvfEvfPgL.css,01RSPSfDB5L.css,01GT2VH57dL.css,21Rjwbph1AL.css_.css#AUIClients/SoftlinesDetailPageMetaAsset');
    A.preload('http://z-ecx.images-amazon.com/images/I/61BoAFcScZL._RC|11FgAc1zMiL.css,01tbYi0NqvL.css,21e-Ab7SQHL.css,113FuDtwChL.css,21eSP2hte3L.css,01EOyxZA2lL.css,01hvfEvfPgL.css,01RSPSfDB5L.css,01GT2VH57dL.css,21Rjwbph1AL.css_.css#AUIClients/MediaDetailPageMetaAsset');
    A.preload('https://images-eu.ssl-images-amazon.com/images/I/61tXTi7waDL._RC|11FgAc1zMiL.css,01tbYi0NqvL.css,21J-VJvuQQL.css,113FuDtwChL.css,21eSP2hte3L.css,01EOyxZA2lL.css,01hvfEvfPgL.css,01RSPSfDB5L.css,01GT2VH57dL.css,21Rjwbph1AL.css_.css#AUIClients/MediaDetailPageMetaAsset');
    A.preload('http://z-ecx.images-amazon.com/images/I/61AZKC0LVzL._RC|213-eBzDVcL.css,314+J0G-4bL.css,11FgAc1zMiL.css,01tbYi0NqvL.css,21e-Ab7SQHL.css,113FuDtwChL.css,21xaajvpfWL.css,01RSPSfDB5L.css,11xRy3bSkOL.css,01QUs5FVXoL.css,01hvfEvfPgL.css,51LVhCKskuL.css,01aViOmOIXL.css,112oyEpVpwL.css,41A3MwXNi4L.css,01GT2VH57dL.css,21Rjwbph1AL.css,215zZvgXb+L.css,01rgQ3jqo7L.css,11eUPNzJArL.css_.css#AUIClients/HardlinesDetailPageMetaAsset');
    A.preload('https://images-eu.ssl-images-amazon.com/images/I/61iBqf7lxLL._RC|213-eBzDVcL.css,31aAyaxT5eL.css,11FgAc1zMiL.css,01tbYi0NqvL.css,21J-VJvuQQL.css,113FuDtwChL.css,21xaajvpfWL.css,01RSPSfDB5L.css,11xRy3bSkOL.css,01QUs5FVXoL.css,01hvfEvfPgL.css,51+iZzbs8UL.css,01aViOmOIXL.css,112oyEpVpwL.css,41A3MwXNi4L.css,01GT2VH57dL.css,21Rjwbph1AL.css,21uNvMkfCFL.css,01rgQ3jqo7L.css,11eUPNzJArL.css_.css#AUIClients/HardlinesDetailPageMetaAsset');
  });
</script>















<script type="text/javascript">

function prefetchTYPAssets() {
    var imageAssets = new Array();
    var jsCssAssets = new Array();
      imageAssets.push("https://images-eu.ssl-images-amazon.com/images/G/03/x-locale/common/buy-buttons/review-1-click-order._CB192558581_.gif");
      imageAssets.push("https://images-eu.ssl-images-amazon.com/images/G/03/x-locale/common/buttons/continue-shopping._CB192558364_.gif");
      imageAssets.push("https://images-eu.ssl-images-amazon.com/images/G/03/x-locale/common/buy-buttons/thank-you-elbow._CB192558586_.gif");
      imageAssets.push("https://images-eu.ssl-images-amazon.com/images/G/03/x-locale/communities/social/snwicons_v2._CB402380168_.png");
      imageAssets.push("https://images-eu.ssl-images-amazon.com/images/G/03/checkout/assets/carrot._CB192188498_.gif");
      imageAssets.push("https://images-eu.ssl-images-amazon.com/images/G/03/checkout/thank-you-page/assets/yellow-rounded-corner-sprite._CB192563625_.gif");
      imageAssets.push("https://images-eu.ssl-images-amazon.com/images/G/03/checkout/thank-you-page/assets/white-rounded-corner-sprite._CB212531206_.gif");
      jsCssAssets.push("https://images-na.ssl-images-amazon.com/images/G/01/browser-scripts/site-wide-js-1.2.6-beacon/site-wide-3750999928._V1_.js");
      jsCssAssets.push("https://images-na.ssl-images-amazon.com/images/G/01/browser-scripts/de-site-wide-css-beacon/site-wide-6800426958._V1_.css");

    // pre-fetching image assets
    for (var i=0; i<imageAssets.length; i++) {
       new Image().src = imageAssets[i];
    }
    // pre-fetching css and js assets based on different browser types
    var isIE = /*@cc_on!@*/0;
    var isFireFox = /Firefox/.test(navigator.userAgent);
    if (isIE) {
      for (var i=0; i<jsCssAssets.length; i++) {
        new Image().src = jsCssAssets[i];
      }
    }
    else if (isFireFox) {
      for (var i=0; i<jsCssAssets.length; i++) {
        var o =  document.createElement("object");
        o.data = jsCssAssets[i];
        o.width = o.height = 0;
        document.body.appendChild(o);
      }
    }
}


    var onload = function () {
        setTimeout(prefetchTYPAssets, 2000);
    };
    if (window.addEventListener) {
        window.addEventListener("load", onload);
    } else if (window.attachEvent) { /* for <= IE 8 */
        window.attachEvent("onload", onload);
    }
</script>

<input type="hidden" name="1click-tsdelta" id="1click-tsdelta">
<script type="text/javascript">
var ocInitTimestamp = 1464075789;
var jsURL = '';
if (jsURL) {

if (typeof(P) !== "undefined") {
    P.when('jQuery', 'cf').execute('one-click-detection-js', function(jQuery) {
        jQuery.ajax({
            url: jsURL,
            dataType: 'script',
            cache: true
        });
    });
}
}
</script>







    





<script type="text/javascript">


if (!window.$SearchJS && window.$Nav) {
  window.$SearchJS = $Nav.make('sx');
}
if (window.$SearchJS) {


}



(function() {

  var precacheMaterials = ["https://images-eu.ssl-images-amazon.com/images/G/01/AUIClients/AmazonUI-def1dfe3edcac538e27845c3cfc11fa83c842d7e._V2_.css#AUIClients/AmazonUI.rendering_engine-not-trident.secure.min","http://z-ecx.images-amazon.com/images/G/01/AUIClients/RetailSearchAssets-74dfa8cd7ca5b33f568b1fe8ae08d7887116610d._V2_.js#AUIClients/RetailSearchAssets.renderskin-pc.search-results-aui.min","https://images-eu.ssl-images-amazon.com/images/G/01/AUIClients/AmazonUI-2f3dfd1d13ff48626ca483d8d12b6821e34cf459._V2_.js#AUIClients/AmazonUI.rendering_engine-not-trident.secure.min","http://z-ecx.images-amazon.com/images/G/01/AUIClients/AmazonUI-9695ef3fe158ea0a0a9f65b1ad2116f9169d663c._V2_.css#AUIClients/AmazonUI.rendering_engine-not-trident.min","http://z-ecx.images-amazon.com/images/G/01/AUIClients/RetailSearchAssets-f16f4d8a12436aeb7c33597c510a8307ea6ea2eb._V2_.css#AUIClients/RetailSearchAssets.renderskin-pc.search-results-aui.min","https://images-eu.ssl-images-amazon.com/images/G/01/AUIClients/FastCookies-c19cbfdc031735e009766e61b8f141d827e52f87._V2_.js#AUIClients/FastCookies.de.secure.min","https://images-eu.ssl-images-amazon.com/images/G/01/AUIClients/RetailSearchAssets-74dfa8cd7ca5b33f568b1fe8ae08d7887116610d._V2_.js#AUIClients/RetailSearchAssets.renderskin-pc.search-results-aui.secure.min","https://images-eu.ssl-images-amazon.com/images/G/01/AUIClients/RetailSearchAssets-77918e19731af50d42de286d4ab670bebb497ebb._V2_.css#AUIClients/RetailSearchAssets.renderskin-pc.search-results-aui.secure.min","http://z-ecx.images-amazon.com/images/G/01/AUIClients/AmazonUI-2f3dfd1d13ff48626ca483d8d12b6821e34cf459._V2_.js#AUIClients/AmazonUI.rendering_engine-not-trident.min","http://z-ecx.images-amazon.com/images/G/01/AUIClients/FastCookies-c19cbfdc031735e009766e61b8f141d827e52f87._V2_.js#AUIClients/FastCookies.de.min","http://g-ecx.images-amazon.com/images/G/03/nav2/images/gui/searchSprite._CB272921379_.png"];

  if (window.amznJQ) {
    amznJQ.addPL(precacheMaterials);
  } else if (window.P) {
    P.when('A').execute(function(A){
      A.preload(precacheMaterials);
    });
  }

  
})();



</script>













  



























            
            
      








        </div>
    </div><script type='text/javascript'>
    
    window.ue_csm.cel_widgets = [
         {  id: "detail-bullets"  } , {  id: "featurebullets_feature_div"  } , {  id: "summaryContainer"  } , {  s: "#revMHRL > DIV"  , id_gen: function(elem, index) { return 'custRev' + (index + 1); }  } , {  id: "sims_fbt"  } , {  id: "purchase-sims-feature"  } , {  id: "session-sims-feature"  } , {  id: "quickPromoBucketContent"  } , {  id: "productDescription"  } , {  id: "technicalSpecifications_feature_div"  } , {  id: "prodDetails"  } , {  id: "related_ads"  } , {  id: "technical-data"  } , {  id: "tagging_lazy_load_div"  } , {  id: "consumption-sims"  } , {  id: "moreBuyingChoices_feature_div"  } , {  id: "product-ads-feedback_feature_div"  } , {  id: "DAcrt"  } , {  id: "vtpsims"  } , {  c: "celwidget"  } , {  id: "fallbacksessionShvl"  } , {  id: "rhf"  } , {  id: "unifiedLocationPopoverSelections"  } 
    ];




</script>

<div id='be' style='display:none;visibility:hidden;'><form name='ue_backdetect'><input name='ue_back' value='1' type='hidden'></form><script type="text/javascript">
(function(a){var b=document.ue_backdetect;b&&b.ue_back&&a.ue&&(a.ue.bfini=b.ue_back.value);a.uet&&a.uet("be");a.onLdEnd&&(window.addEventListener?window.addEventListener("load",a.onLdEnd,!1):window.attachEvent&&window.attachEvent("onload",a.onLdEnd));a.ueh&&a.ueh(0,window,"load",a.onLd,1);a.ue&&a.ue.tag&&(a.ue_furl&&a.ue_furl.split?(b=a.ue_furl.split("."))&&b[0]&&a.ue.tag(b[0]):a.ue.tag("nofls"))})(ue_csm);


var ue_pty='Detail', ue_spty='Glance', ue_pti='B00BSNACII';

</script>

<a href='/dp/B00BSNACII/uedata/unsticky/278-8288477-3349315/Detail/ntpoffrw?tepes=1&amp;id=0WSYMHX46SV2Y1P04DFY'>v</a>
<noscript>
     <img src='/dp/B00BSNACII/uedata/unsticky/278-8288477-3349315/Detail/ntpoffrw?noscript&amp;id=0WSYMHX46SV2Y1P04DFY&amp;pty=Detail&amp;spty=Glance&amp;pti=B00BSNACII' />
     <img src='//fls-eu.amazon.de/1/batch/1/OP/A1PA6795UKMFR9:278-8288477-3349315:0WSYMHX46SV2Y1P04DFY$uedata=s:%2Fdp%2FB00BSNACII%2Fuedata%2Funsticky%2F278-8288477-3349315%2FDetail%2Fntpoffrw%3Fnoscript%26id%3D0WSYMHX46SV2Y1P04DFY%26pty%3DDetail%26spty%3DGlance%26pti%3DB00BSNACII:2000' />

</noscript>
</div>
<script type='text/javascript'>
(function(g,h){function d(a,d){var b={};if(!e||!f)try{var c=h.sessionStorage;c?a&&("undefined"!==typeof d?c.setItem(a,d):b.val=c.getItem(a)):f=1}catch(g){e=1}e&&(b.e=1);return b}var b=g.ue||{},a="",f,e,c,a=d("csmtid");f?a="NA":a.e?a="ET":(a=a.val,a||(a=b.oid||"NI",d("csmtid",a)),c=d(b.oid),c.e||(c.val=c.val||0,d(b.oid,c.val+1)),b.ssw=d);b.tabid=a})(ue_csm,window);

</script>
<script type='text/javascript'>
(function(b,c){var a=c.images;a&&a.length&&b.ue.count("totalImages",a.length)})(ue_csm,document);

</script>
<script type='text/javascript'>
(function(l,m){function I(a){if(a)return a.replace(/^\s+|\s+$/g,"")}function x(a,e){if(!a)return{};a.m&&a.m[n]&&(a=a.m);var b=e.m||e[n]||"",b=a.m&&a.m[n]?b+a.m[n]:a.m&&a.m.target&&a.m.target.tagName?b+("Error handler invoked by "+a.m.target.tagName+" tag"):a.m?b+a.m:a[n]?b+a[n]:b+"Unknown error",b={m:b,f:a.f||a.sourceURL||a.fileName||a.filename||a.m&&a.m.target&&a.m.target.src,l:a.l||a.line||a.lineno||a.lineNumber,c:a.c?""+a.c:a.c,s:[],t:l.ue.d(),name:a.name,type:a.type,csm:J+" "+(a.fromOnError?"onerror":
"ueLogError")},c,d,f=0,g=0,k;d=m.location;c=a.stack||(a.err?a.err.stack:"");b[y]=e[y]||d&&d.href||"missing";b[p]=e[p]||z;(d=e[q])&&(b[q]=""+d);l.ue_hi_err&&(b.hi=l.ue.hi);if(c&&c.split)for(b.csm+=" stack",d=c.split("\n");f<d.length&&b.s.length<A;)(c=d[f++])&&b.s.push(I(c));else for(b.csm+=" callee",d=B(a.args||arguments,"callee"),g=f=0;d&&f<A;)k=v,d[s]||(c=d.toString())&&c.substr&&(k=0===g?4*v:k,k=1==g?2*v:k,b.s.push(c.substr(0,k)),g++),d=B(d,"caller"),f++;!b.f&&0<b.s.length&&(f=b,c=(f||{}).s||[],
d=c[1]||"",c=(c[0]||"").match(K)||d.match(L))&&(f.f=c[1],f.l=c[2]);return b}function B(a,e){try{return a[e]}catch(b){}}function C(a,e){if(a&&!(h.ec>h.mxe)){h.ec++;h.ter.push(a);e=e||{};var b=a[p]||e[p];e[p]=b;e[q]=a[q]||e[q];b&&b!=z||h.ecf++;w(a,e)}}function w(a,e){if(a){var b=x(a,e),c=e.channel||M;if(ue.log.isStub&&m[t]&&m[t][u]){var d={};d[c]=b;try{var f=m[t][u]({rid:ue.rid,sid:l.ue_sid,mid:l.ue_mid,sn:l.ue_sn,reqs:[d]}),g=m[N],k;if(k=!(g[D]&&g[D](E,f)))if(m[F]){var h=new m[F];h.onerror=r;h.ontimeout=
r;h.onprogress=r;h.onload=r;h.timeout=0;k=h}else if(m[G]){var n=new m[G];k="withCredentials"in n?n:void 0}else k=void 0;if(c=k){c.open("POST",E,!0);if(c[H])c[H]("Content-type","text/plain");c.send(f)}}catch(p){}}else l.ue.log(b,c,{nb:1});if(!a.fromOnError){f=m.console||{};c=f.error||f.log||r;d=m[t];g="Error logged with the Track&Report JS errors API(http://tiny/1covqr6l8/wamazindeClieUserJava): ";if(d&&d[u])try{g+=d[u](b)}catch(q){g+="no info provided; converting to string failed"}else g+=b.m;c.apply(f,
[g,b])}}}var G="XMLHttpRequest",F="XDomainRequest",N="navigator",D="sendBeacon",u="stringify",t="JSON",p="logLevel",q="attribution",y="pageURL",s="skipTrace",H="setRequestHeader",n="message",r=function(){},E="//"+l.ue_furl+"/1/batch/1/OE/",h=l.ue_err,M=l.ue_err_chan||"jserr",z="FATAL",J="v6",A=20,v=256,L=RegExp(" (?([^ s]*):( d+): d+ )?".split(" ").join(String.fromCharCode(92))),K=/.*@(.*):(\d*)/;x[s]=1;C[s]=1;w[s]=1;(function(){for(var a,e=0;e<(h.erl||[]).length;e++)a=h.erl[e],w(a.ex,a.info);h.erl=
[]})();l.ueLogError=C})(ue_csm,window);

</script>
<script type='text/javascript'>
(function(c,d){var b=c.ue,a=d.navigator;b&&b.tag&&a&&(a=a.connection||a.mozConnection||a.webkitConnection)&&a.type&&b.tag("netInfo:"+a.type)})(ue_csm,window);

</script>
<script type="text/javascript">
(function(c,d){function g(a,b){for(var c=[],d=0;d<a.length;d++){var f=a[d],e=b.encode(f);if(f[h]){var k=b.metaSep,f=f[h],l=b.metaPairSep,g=[],m=void 0;for(m in f)f.hasOwnProperty(m)&&g.push(m+"="+f[m]);f=g.join(l);e+=k+f}c.push(e)}return c.join(b.resourceSep)}function n(a){var b=a[h]=a[h]||{};b[t]||(b[t]=c.ue_mid);b[u]||(b[u]=c.ue_sid);b[k]||(b[k]=c.ue_id);b.csm=1;a="//"+c.ue_furl+"/1/"+a[v]+"/1/OP/"+a[w]+"/"+a[x]+"/"+g([a],y);if(p)try{p.call(d[q],a)}catch(e){c.ue.sbf=1,(new Image).src=a}else(new Image).src=
a}function r(){l&&l.isStub&&l.replay(function(a,b,c){a=a[0];b=a[h]=a[h]||{};b[k]=b[k]||c;n(a)});e.impression=n;l=null}if(!(1<c.ueinit)){var h="metadata",x="impressionType",v="foresterChannel",w="programGroup",t="marketplaceId",u="session",k="requestId",q="navigator",e=c.ue||{},p=d[q]&&d[q].sendBeacon,s=function(a,b,c,d){return{encode:d,resourceSep:a,metaSep:b,metaPairSep:c}},y=s("","?","&",function(a){return g(a.impressionData,z)}),z=s("/",":",",",function(a){return a.featureName+":"+g(a.resources,
A)}),A=s(",","@","|",function(a){return a.id}),l=e.impression;(e.impression||n)({programGroup:"csm",impressionType:"action",impressionData:[{featureName:"csm-features",resources:[{id:"impression-tracking"}]}],foresterChannel:"action-impressions"});p?r():(e.attach("load",r),e.attach("beforeunload",r));d.P&&d.P.register&&d.P.register("impression-client",function(){})}})(ue_csm,window);

</script>
<script type='text/javascript'>
ue_csm.ue.exec(function(d,e,a){function b(a,b){return{name:a,getFeatureValue:function(){return void 0!==b|0}}}function h(a,b,c){return{name:a,getFeatureValue:function(){return b===c|0}}}function g(a,b){return{name:a,getFeatureValue:function(){for(var a=0;a<b.length;a++)if(void 0!==b[a])return 1;return 0}}}var k=d.ue_unbf,f=d.ue||{},c=[b("dall",e.all),b("dcm",e.compatMode),b("xhr",a.XMLHttpRequest),b("qs",e.querySelector),b("ael",e.addEventListener),b("atob",a.atob)];if(k){try{c.push(h("no",a.navigator.onLine,
!1))}catch(l){c.push({name:"no",getFeatureValue:function(){return 2}})}c.push(g("pjs",[a.callPhantom,a._phantom,a.PhantomEmitter,a.__phantomas]),b("njs",a.Buffer),b("cjs",a.emit),b("rhn",a.spawn),b("sel",a.webdriver),g("chrm",[a.domAutomation,a.domAutomationController]),{name:"plg",getFeatureValue:function(){return(void 0!==a.navigator.plugins&&0<a.navigator.plugins.length)|0}})}f._bf=d.ue.exec(function(){for(var a="",b=0;b<c.length;b++)a+=c[b].name+"_"+c[b].getFeatureValue()+"-";(d.ue||{})._bf=null;
return a},"ue.bf");f._bf.modules=c;f._bf.mpm=b},"bf")(ue_csm,document,window);

</script>
<!--[if IE 5]>
<script type='text/javascript'> ue._bf.modules.push( ue._bf.mpm("cc_ie5", 1) ) </script>
<![endif]-->
<!--[if IE 6]>
<script type='text/javascript'> ue._bf.modules.push( ue._bf.mpm("cc_ie6", 1) ) </script>
<![endif]-->
<!--[if IE 7]>
<script type='text/javascript'> ue._bf.modules.push( ue._bf.mpm("cc_ie7", 1) ) </script>
<![endif]-->
<!--[if IE 8]>
<script type='text/javascript'> ue._bf.modules.push( ue._bf.mpm("cc_ie8", 1) ) </script>
<![endif]-->
<!--[if IE 9]>
<script type='text/javascript'> ue._bf.modules.push( ue._bf.mpm("cc_ie9", 1) ) </script>
<![endif]-->
<script type='text/javascript'>
ue_csm.ue.exec(function(e,f){var a=e.ue||{},b=a._wlo,d;if(a.ssw){d=a.ssw("CSM_previousURL").val;var c=f.location,b=b?b:c&&c.href?c.href.split("#")[0]:void 0;c=(b||"")===a.ssw("CSM_previousURL").val;!c&&b&&a.ssw("CSM_previousURL",b);d=c?"reload":d?"intrapage-transition":"first-view"}else d="unknown";a._nt=d},"NavTypeModule")(ue_csm,window);

</script>
<script type='text/javascript'>
var ue_mbl=ue_csm.ue.exec(function(f,a){function k(e){b=e||{};a.AMZNPerformance=b;b.transition=b.transition||{};b.timing=b.timing||{};!a.webclient||"function"!==typeof webclient.getRealClickTime||a.cordova&&a.cordova.platformId&&"ios"==cordova.platformId||(b.tags instanceof Array&&(e=-1!=b.tags.indexOf("usesAppStartTime")||b.transition.type?!b.transition.type&&-1<b.tags.indexOf("usesAppStartTime")?"warm-start":void 0:"view-transition",e&&(b.transition.type=e)),"reload"===d._nt&&f.ue_orct||"intrapage-transition"===
d._nt?a.performance&&performance.timing&&performance.timing.navigationStart?b.timing.transitionStart=a.performance.timing.navigationStart:delete b.timing.transitionStart:"undefined"===typeof d._nt&&a.performance&&performance.timing&&performance.timing.navigationStart&&a.history&&"function"===typeof a.History&&"object"===typeof a.history&&history.length&&1!=history.length&&(b.timing.transitionStart=a.performance.timing.navigationStart));e=b.transition;var c;c=d._nt?d._nt:void 0;e.subType=c;a.ue&&a.ue.tag&&
a.ue.tag("has-AMZNPerformance");d.isl&&a.uex&&uex("at","csm-timing");l()}function m(b){a.ue&&a.ue.count&&a.ue.count("csm-cordova-plugin-failed",1)}function l(){try{P.register("AMZNPerformance",function(){return b})}catch(a){}}function g(){if(!b)return"";ue_mbl.cnt=null;var a=b.transition,c;c=b.timing.transitionStart;c="undefined"!==typeof c&&"undefined"!==typeof h?c-h:void 0;a=["mts",c,"mtt",a.type,"mtst",a.subType,"mtlt",a.launchType];c="";for(var d=0;d<a.length;d+=2){var f=a[d],g=a[d+1];"undefined"!==
typeof g&&(c+="&"+f+"="+g)}return c}function n(a,c){b&&(h=c,b.timing.transitionStart=a,b.transition.type="view-transition",b.transition.subType="ajax-transition",b.transition.launchType="normal",ue_mbl.cnt=g)}var d=f.ue||{},h=f.ue_t0,b;if(a.P&&a.P.when&&a.P.register)return a.P.when("CSMPlugin").execute(function(a){a.buildAMZNPerformance&&a.buildAMZNPerformance({successCallback:k,failCallback:m})}),{cnt:g,ajax:n}},"mobile-timing")(ue_csm,window);

</script>
</body>

  </html>














(～ o ～)~zZ: Sleep................
Server:  {"cmd":"resolve_captcha_return","url":"http://ecx.images-amazon.com/captcha/huyzhwry/Captcha_hxrvofwmxu.jpg","captcha_str":"btkptl"}
btkptl
P1zUzpMGhRmVOxlHeMLczw==


  
  










































<!doctype html><html class="a-no-js" data-19ax5a9jf="dingo">
<head>
<script type="text/javascript">var ue_t0=ue_t0||+new Date();</script>
<script type="text/javascript">
var ue_hob=+new Date();
var ue_id='0K8TTEBZSQ1S50KDN22N',
ue_csm = window,
ue_err_chan = 'jserr-rw',
ue = {};
(function(d){var e=d.ue=d.ue||{},f=Date.now||function(){return+new Date};e.d=function(b){return f()-(b?0:d.ue_t0)};e.stub=function(b,a){if(!b[a]){var c=[];b[a]=function(){c.push([c.slice.call(arguments),e.d(),d.ue_id])};b[a].replay=function(b){for(var a;a=c.shift();)b(a[0],a[1],a[2])};b[a].isStub=1}};e.exec=function(b,a){return function(){if(1==window.ueinit)try{return b.apply(this,arguments)}catch(c){ueLogError(c,{attribution:a||"undefined",logLevel:"WARN"})}}}})(ue_csm);

ue.stub(ue,"log");ue.stub(ue,"onunload");ue.stub(ue,"onflush");

(function(c,d){function e(f,b){if(!(a.ec>a.mxe)&&f){a.ec++;a.ter.push(f);b=b||{};var c=f.logLevel||b.logLevel;c&&c!=k||a.ecf++;b.pageURL=""+(d.location?d.location.href:"");b.logLevel=c;b.attribution=f.attribution||b.attribution;a.erl.push({ex:f,info:b})}}function h(a,b,d,e,g){c.ueLogError({m:a,f:b,l:d,c:""+e,err:g,fromOnError:1,args:arguments},g?{attribution:g.attribution,logLevel:g.logLevel}:void 0);return!1}var k="FATAL",a={ec:0,ecf:0,pec:0,ts:0,erl:[],ter:[],mxe:50,startTimer:function(){a.ts++;
setInterval(function(){c.ue&&a.pec<a.ec&&c.uex("at");a.pec=a.ec},1E4)}};h.skipTrace=1;e.skipTrace=1;e.isStub=1;c.ueLogError=e;c.ue_err=a;d.onerror=h})(ue_csm,window);

var ue_url='/dp/B00BSNACII/uedata/unsticky/277-7281789-8489225/Detail/ntpoffrw',
ue_sid='277-7281789-8489225',
ue_mid='A1PA6795UKMFR9',
ue_sn='www.amazon.de',
ue_furl='fls-eu.amazon.de',
ue_navtiming=0,
ue_log_idx=0,
ue_fcsn=1,
ue_isrw=true,
ue_fpf='//fls-eu.amazon.de/1/batch/1/OP/A1PA6795UKMFR9:277-7281789-8489225:0K8TTEBZSQ1S50KDN22N$uedata=s:',
ue_fpfp='//fls-eu.amazon.de/1/uedata/1/OP/A1PA6795UKMFR9:277-7281789-8489225:0K8TTEBZSQ1S50KDN22N$s:',
ue_lnb=0,
ue_lwl=0,
ue_ran=0,
ue_qsl=7000,
ue_sbl=0,
ue_mce='click',
ue_unbf=0,
ue_rpl_ns=0,
ue_urt=3,
ue_sdbbc=0,
ue_fma=1,
ue_bwd=0,
ue_orct=1,
ue_hi_err=0,
ue_markers=0,
ue_int=0;

if (!window.ue_csm) {var ue_csm = window;}
function ue_viz(){(function(c,e,a){function k(b){if(c.ue.viz.length<p&&!l){var a=b.type;b=b.originalEvent;/^focus./.test(a)&&b&&(b.toElement||b.fromElement||b.relatedTarget)||(a=e[m]||("blur"==a||"focusout"==a?"hidden":"visible"),c.ue.viz.push(a+":"+(+new Date-c.ue.t0)),"visible"==a&&(ue.isl&&uex("at"),l=1))}}for(var l=0,f,g,m,n=["","webkit","o","ms","moz"],d=0,p=20,h=0;h<n.length&&!d;h++)if(a=n[h],f=(a?a+"H":"h")+"idden",d="boolean"==typeof e[f])g=a+"visibilitychange",m=(a?a+"V":"v")+"isibilityState";
k({});d&&e.addEventListener(g,k,0);c.ue&&d&&(c.ue.pageViz={event:g,propHid:f})})(ue_csm,document,window)};

(function(a,g){function A(a){return a&&a.replace&&a.replace(/^\s+|\s+$/g,"")}function q(a){return"undefined"===typeof a}function u(d,c,e,g){var n=g||+new Date,h;r&&r.timeStamp&&a.ue_int&&a.ue_markers&&void 0===g&&(c?r.timeStamp(c+"."+d):r.timeStamp(d));if(c||q(e)){if(d)for(h in g=c?f("t",c)||f("t",c,{}):a.ue.t,g[d]=n,e)e.hasOwnProperty(h)&&f(h,c,e[h]);return n}}function f(d,c,e){var g=a.ue,f=c&&c!=g.id?g.sc[c]:g;f||(f=g.sc[c]={});"id"==d&&e&&(g.cfa2=1,a.ue_ran&&(a.ue_cel&&a.ue_cel.reset(e),a.ue.log.reset&&
a.ue.log.reset()));return f[d]=e||f[d]}function x(d,c,e,g,f){e="on"+e;var h=c[e];"function"===typeof h?d&&(a.ue.h[d]=h):h=function(){};c[e]=f?function(a){g(a);h(a)}:function(a){h(a);g(a)};c[e]&&(c[e].isUeh=1)}function B(d,c,e){function v(c,e){var b=[c],g=0,h={},m,k;e?(b.push("m=1"),h[e]=1):h=a.ue.sc;for(k in h)if(h.hasOwnProperty(k)){var l=f("wb",k),n=f("t",k)||{},v=f("t0",k)||a.ue.t0,p;if(e||2==l){l=l?g++:"";b.push("sc"+l+"="+k);for(p in n)3>=p.length&&!q(n[p])&&null!==n[p]&&b.push(p+l+"="+(n[p]-
v));b.push("t"+l+"="+n[d]);if(f("ctb",k)||f("wb",k))m=1}}!C&&m&&b.push("ctb=1");return b.join("&")}function n(c,b,e,d){if(c){var f=a.ue_err,h;if(!d||!a.ue.log)if(E&&g[s]&&g[s][y])g[s][y](c);else h=new Image,a.ue.iel.push(h),h.src=c;H?a.ue_fpf&&g.encodeURIComponent&&c&&(E&&g[s]&&g[s][y]&&a.ue_fpfp?(c=""+a.ue_fpfp+g.encodeURIComponent(c)+":"+(+new Date-a.ue_t0),g[s][y](c)):(d=new Image,c=""+a.ue_fpf+g.encodeURIComponent(c)+":"+(+new Date-a.ue_t0),a.ue.iel.push(d),d.src=c)):a.ue.log&&(h=g.chrome&&"ul"==
b,a.ue.log(c,"uedata",a.ue_svi?{n:1,img:!d&&h?1:0}:{n:1}),a.ue.ielf.push(c));f&&!f.ts&&f.startTimer();a.ue.b&&(f=a.ue.b,a.ue.b="",n(f,b,e,1))}}function h(c){if(!ue.collected){var b=c.timing,e=c.navigation,d=ue.t;b&&(d.na_=b.navigationStart,d.ul_=b.unloadEventStart,d._ul=b.unloadEventEnd,d.rd_=b.redirectStart,d._rd=b.redirectEnd,d.fe_=b.fetchStart,d.lk_=b.domainLookupStart,d._lk=b.domainLookupEnd,d.co_=b.connectStart,d._co=b.connectEnd,d.sc_=b.secureConnectionStart,d.rq_=b.requestStart,d.rs_=b.responseStart,
d._rs=b.responseEnd,d.dl_=b.domLoading,d.di_=b.domInteractive,d.de_=b.domContentLoadedEventStart,d._de=b.domContentLoadedEventEnd,d._dc=b.domComplete,d.ld_=b.loadEventStart,d._ld=b.loadEventEnd,b=d.na_,c="function"!==typeof c.now||q(b)?0:new Date(b+c.now())-new Date,d.ntd=c+a.ue.t0);e&&(d.ty=e.type+a.ue.t0,d.rc=e.redirectCount+a.ue.t0);ue.collected=1}}function r(b){var c=p&&p.navigation?p.navigation.type:D,d=c&&2!=c,e=a.ue.bfini;a.ue.cfa2||(e&&1<e&&(b+="&bfform=1",d||(a.ue.isBFT=e-1)),2==c&&(b+="&bfnt=1",
a.ue.isBFT=a.ue.isBFT||1),a.ue.ssw&&a.ue.isBFT&&(q(a.ue.isNRBF)&&(c=a.ue.ssw(a.ue.oid),c.e||q(c.val)||(a.ue.isNRBF=1<c.val?0:1)),q(a.ue.isNRBF)||(b+="&nrbf="+a.ue.isNRBF)),a.ue.isBFT&&!a.ue.isNRBF&&(b+="&bft="+a.ue.isBFT));return b}function x(){a.ue.isl&&B("eod")}if(c||q(e)){for(var l in e)e.hasOwnProperty(l)&&f(l,c,e[l]);u("pc",c,e);l=f("id",c)||a.ue.id;var b=a.ue.url+"?"+d+"&v="+a.ue.v+"&id="+l,C=f("ctb",c)||f("wb",c),p=g.performance||g.webkitPerformance,m,k;C&&(b+="&ctb="+C);1<a.ueinit&&(b+="&ic="+
a.ueinit);!a.ue._fi||"at"!=d||c&&c!=l||(b+=a.ue._fi());if(!("ld"!=d&&"ul"!=d||c&&c!=l)){if("ld"==d){g.onbeforeunload&&g.onbeforeunload.isUeh&&(g.onbeforeunload=null);if(g.chrome)for(k=0;k<ue.ulh.length;k++)F("beforeunload",ue.ulh[k]);(k=document.ue_backdetect)&&k.ue_back&&k.ue_back.value++;a._uess&&(m=a._uess());a.ue.isl=1;a.ue_sdbbc&&z("beforeunload",x)}ue._bf&&(b+="&bf="+ue._bf());a.ue_navtiming&&p&&p.timing&&(f("ctb",l,"1"),1==a.ue_navtiming&&u("tc",D,D,p.timing.navigationStart));p&&h(p);a.ue.t.hob=
a.ue_hob;a.ue.t.hoe=a.ue_hoe;a.ue.ifr&&(b+="&ifr=1")}u(d,c,e);e="ld"==d&&c&&f("wb",c);var w;1!==ue_csm.ue_fma||e||l==a.ue.oid||I((f("t",c)||{}).tc||+f("t0",c),+f("t0",c));a.ue_mbl&&a.ue_mbl.cnt&&!e&&(b+=a.ue_mbl.cnt());e?f("wb",c,2):"ld"==d&&(t.lid=A(l));for(w in a.ue.sc)if(1==f("wb",w))break;if(e){if(a.ue.s)return;b=v(b,null)}else k=v(b,null),k!=b&&(k=r(k),a.ue.b=k),m&&(b+=m),b=v(b,c||a.ue.id);b=r(b);if(a.ue.b||e)for(w in a.ue.sc)2==f("wb",w)&&delete a.ue.sc[w];m=0;ue._rt&&(b+="&rt="+ue._rt());e||
(a.ue.s=0,(m=a.ue_err)&&0<m.ec&&m.pec<m.ec&&(m.pec=m.ec,b+="&ec="+m.ec+"&ecf="+m.ecf),m=f("ctb",c),f("t",c,{}));b&&a.ue.tag&&0<a.ue.tag().length&&(b+="&csmtags="+a.ue.tag().join("|"),a.ue.tag=a.ue.tagC());b&&a.ue.viz&&0<a.ue.viz.length&&(b+="&viz="+a.ue.viz.join("|"),a.ue.viz=[]);b&&!q(a.ue_pty)&&(b+="&pty="+a.ue_pty+"&spty="+a.ue_spty+"&pti="+a.ue_pti);b&&a.ue.tabid&&(b+="&tid="+a.ue.tabid);b&&a.ue.aftb&&(b+="&aftb=1");b&&a.ue.sbf&&(b+="&sbf=1");!a.ue._ui||c&&c!=l||(b+=a.ue._ui());a.ue.a=b;n(b,d,
m,e)}}function z(a,c,e){e=e||g;e.addEventListener?e.addEventListener(a,c,!1):e.attachEvent&&e.attachEvent("on"+a,c)}function F(a,c,e){e=e||g;e.removeEventListener?e.removeEventListener(a,c,!1):e.detachEvent&&e.detachEvent("on"+a,c)}function G(){function d(){a.onUl()}function c(a){return function(){e[a]||(e[a]=1,B(a))}}var e=a.ue.r,f,n;a.onLd=c("ld");a.onLdEnd=c("ld");a.onUl=c("ul");f={stop:c("os")};g.chrome?(z("beforeunload",d),ue.ulh.push(d)):f[J]=a.onUl;for(n in f)f.hasOwnProperty(n)&&x(0,g,n,f[n]);
a.ue_viz&&ue_viz();z("load",a.onLd);u("ue")}function I(d,c){a.ue_mbl&&a.ue_mbl.ajax&&a.ue_mbl.ajax(d,c);a.ue.tag("ajax-transition")}a.ueinit=(a.ueinit||0)+1;var t={t0:g.aPageStart||a.ue_t0,id:a.ue_id,url:a.ue_url,rid:a.ue_id,a:"",b:"",h:{},r:{ld:0,oe:0,ul:0},s:1,t:{},sc:{},iel:[],ielf:[],fc_idx:{},viz:[],v:"0.446.0",d:a.ue&&a.ue.d,log:a.ue&&a.ue.log,clog:a.ue&&a.ue.clog,onflush:a.ue&&a.ue.onflush,onunload:a.ue&&a.ue.onunload,stub:a.ue&&a.ue.stub,lr:a.ue&&a.ue.lr,exec:a.ue&&a.ue.exec,ulh:[],cfa2:0},
H=a.ue_fpf?1:0,r=g.console,E=a.ue_sbl,J="beforeunload",s="navigator",y="sendBeacon",D;t.oid=A(t.id);t.lid=A(t.id);a.ue=t;a.ue._t0=a.ue.t0;a.ue.tagC=function(){var a={};return function(c){c&&(a[c]=1);c=[];for(var e in a)a.hasOwnProperty(e)&&c.push(e);return c}};a.ue.tag=a.ue.tagC();a.ue.ifr=g.top!==g.self||g.frameElement?1:0;ue.attach=z;ue.detach=F;ue.reset=function(d,c){d&&(a.ue_cel&&a.ue_cel.reset(),a.ue.t0=+new Date,a.ue.rid=d,a.ue.id=d,a.ue.fc_idx={},a.ue.viz=[])};a.uei=G;a.ueh=x;a.ues=f;a.uet=
u;a.uex=B;G()})(ue_csm,window);



(function(g){var a=g.ue;a.cv={};a.cv.scopes={};a.count=function(b,e,c){var d={},f=a.cv;d.counter=b;d.value=e;d.t=a.d();c&&c.scope&&(f=a.cv.scopes[c.scope]=a.cv.scopes[c.scope]||{},d.scope=c.scope);if(void 0===e)return f[b];f[b]=e;b=0;c&&c.bf&&(b=1);a.clog&&0===b?a.clog(d,"csmcount",{bf:b}):a.log&&a.log(d,"csmcount",{c:1,bf:b})};a.count("baselineCounter2",1)})(ue_csm);

var ue_hoe=+new Date();
</script>
<script>var aPageStart = (new Date()).getTime();</script><meta charset="utf-8">

    



    <link rel="dns-prefetch" href="//g-ecx.images-amazon.com">
    <link rel="dns-prefetch" href="//z-ecx.images-amazon.com">
    <link rel="dns-prefetch" href="//ecx.images-amazon.com">





    





    
    
    
    



  









    













  
  























  











    


    
    












<script type="text/javascript">
var iUrl = "http://ecx.images-amazon.com/images/I/51Lfv-i-z6L._SY300_QL70_.jpg";
(function(){var i=new Image; i.src = iUrl;})();
</script>

























  



   
    


<!--  -->
<link rel="stylesheet" href="http://z-ecx.images-amazon.com/images/I/61cAIQsR7nL._RC|01h78L-cgLL.css,21e1xEhXt1L.css,118pQdz77VL.css_.css#AUIClients/NavDesktopMetaAsset" />

























<link rel="stylesheet" href="http://z-ecx.images-amazon.com/images/G/01/AUIClients/AmazonUI-f28e5b0187075e51333d2b1d2c00acf2318fc9f3._V2_.css#AUIClients/AmazonUI.rendering_engine-not-trident.udp_amznjq_shim.min" />
<link rel="stylesheet" href="http://z-ecx.images-amazon.com/images/I/61AZKC0LVzL._RC|213-eBzDVcL.css,314+J0G-4bL.css,11FgAc1zMiL.css,01tbYi0NqvL.css,21e-Ab7SQHL.css,113FuDtwChL.css,21xaajvpfWL.css,01RSPSfDB5L.css,11xRy3bSkOL.css,01QUs5FVXoL.css,01hvfEvfPgL.css,51LVhCKskuL.css,01aViOmOIXL.css,112oyEpVpwL.css,41A3MwXNi4L.css,01GT2VH57dL.css,21Rjwbph1AL.css,215zZvgXb+L.css,01rgQ3jqo7L.css,11eUPNzJArL.css_.css#AUIClients/HardlinesDetailPageMetaAsset" />
<link rel="stylesheet" href="http://z-ecx.images-amazon.com/images/G/01/AUIClients/AmazonCustomBuyBoxAssets-3522cc9d571332bfe8223eaf2a7a18cbefc87d56._V2_.css#AUIClients/AmazonCustomBuyBoxAssets.min" />



<script>
(function(n,r,v,h){function m(a,b){G&&G.count&&G.count("aui:"+a,0===b?0:b||(G.count("aui:"+a)||0)+1)}function l(a){try{return a.test(navigator.userAgent)}catch(b){return!1}}function k(a,b,c){a.addEventListener?a.addEventListener(b,c,!1):a.attachEvent&&a.attachEvent("on"+b,c)}function g(a,b,c,d){b=b&&c?b+a+c:b||c;return d?g(a,b,d):b}function f(a,b,c){try{Object.defineProperty(a,b,{value:c,writable:!1})}catch(d){a[b]=c}return c}function d(){return setTimeout(K,0)}function c(a,b){var c=a.length,e=c,
f=function(){e--||(H.push(b),I||(d(),I=!0))};for(f();c--;)L[a[c]]?f():(B[a[c]]=B[a[c]]||[]).push(f)}function b(a,b,c,d){var e=r.createElement(a?"script":"link");k(e,"error",d);if(a){e.type="text/javascript";e.async=!0;if(a=c)a=-1!==b.indexOf("images/I")||/AUIClients/.test(b);a&&e.setAttribute("crossorigin","anonymous");e.src=b}else e.rel="stylesheet",e.href=b;r.getElementsByTagName("head")[0].appendChild(e)}function a(a,c){return function(d){function e(){b(c,d,f,function(b){M?m("resource_unload"):
f?(f=!1,m("resource_retry"),e()):(m("resource_error"),a.log("Asset failed to load: "+d));b&&b.stopPropagation?b.stopPropagation():n.event&&(n.event.cancelBubble=!0)})}if(J[d])return!1;J[d]=!0;m("resource_count");var f=!0;return!e()}}function e(a,b,d,e,f){return function(k,l){function m(){for(var a=[],c=0;c<r.length;c++)a[c]=p.hasOwnProperty(r[c])?p[r[c]]:h;c=null;e?c=l:"function"===typeof l&&(u.start=E(),c=l.apply(n,a),u.end=E());if(b){p[k]=c;a=k;for(L[a]=!0;(B[a]||[]).length;)B[a].shift()();delete B[a]}u.done=
!0}var q=f||this;"function"===typeof k?(l=k,k=h):(k=k.replace(/^prv:/,""),p.hasOwnProperty(k)&&q.error(g(" @ ","Component already registered",k),k),p[k]=h);for(var r=[],t=0;t<a.length;t++)r[t]=a[t].replace(/^prv:/,"");var u=N[k]={depend:r,registered:E()};d?m():c(r,q.guardFatal(k,m))}}function q(a){return function(){return{execute:e(arguments,!1,a,!1,this),register:e(arguments,!0,a,!1,this)}}}function t(a,b){return function(c,d){d||(d=c,c=h);return function(){U.push({attribution:a,name:c,logLevel:b});
var e=d.apply(this,arguments);U.pop();return e}}}function x(b,c){function d(a,c,e,f){return n.ueLogError?(c={message:c,logLevel:e||"ERROR",attribution:g(":",b,f)},n.ueLogError(a||c,a?c:null),!0):!1}this.log=function(a,b,c){return d(null,a,b,c)};this.logError=d;this.error=function(a,c,d,e){a=Error(g(":",e,a,d));a.attribution=g(":",b,c);throw a;};this.guardError=t(b);this.guardFatal=t(b,"FATAL");this.load={js:a(this,!0),css:a(this)};f(this,"namespace",c)}function y(){r.body?ha.trigger("a-bodyBegin"):
setTimeout(y,20)}function u(a,b){for(var c=a.className.split(" "),d=c.length;d--;)if(c[d]===b)return;a.className+=" "+b}function w(a,b){for(var c=a.className.split(" "),d=[],e;(e=c.pop())!==h;)e&&e!==b&&d.push(e);a.className=d.join(" ")}function A(a){try{return a()}catch(b){return!1}}function z(){if(Y){var a=n.innerWidth?{w:n.innerWidth,h:n.innerHeight}:{w:S.clientWidth,h:S.clientHeight},b=!1;5<Math.abs(a.w-sa.w)||50<a.h-sa.h?(sa=a,ma=4,(b=ua.mobile||ua.tablet?a.w>a.h:1250<=a.w)?u(S,"a-ws"):w(S,"a-ws")):
ma--&&(ia=setTimeout(z,16))}}function C(a){(Y=a===h?!Y:!!a)&&z()}function F(){return Y}var D=n.AmazonUIPageJS||n.P;if(D&&D.when&&D.register)throw Error("A copy of P has already been loaded on this page.");var G=n.ue;G&&G.tag&&(G.tag("aui"),G.tag("aui:aui_build_date:3.16.6.4-2016-05-10"));var E=v.now=v.now||function(){return+new v},H=[],I=!1,K;K=function(){for(var a=d(),b=E();H.length;)if(H.shift()(),50<E()-b)return;clearTimeout(a);I=!1};l(/OS 6_[0-9]+ like Mac OS X/i)&&k(n,"scroll",d);
var L={},B={},J={},M=!1;k(n,"beforeunload",function(){M=!0;setTimeout(function(){M=!1},1E4)});var p={},N={},U=[],la=n.onerror;n.onerror=function(a,b,c,d,e){e&&"object"===typeof e||(e=Error(a,b,c),e.columnNumber=d,e.stack=b||c||d?g(String.fromCharCode(92),e.message,"at "+g(":",b,c,d)):h);var f=U.pop()||{};e.attribution=g(":",e.attribution||f.attribution,f.name);e.logLevel=f.logLevel;e.attribution&&console&&console.log&&console.log([e.logLevel||"ERROR",a,"thrown by",e.attribution].join(" "));U=[];la&&
(f=[].slice.call(arguments),f[4]=e,la.apply(n,f))};x.prototype={declare:e([],!0,!0,!0),register:e([],!0),execute:e([]),AUI_BUILD_DATE:"3.16.6.4-2016-05-10",when:q(),now:q(!0),trigger:function(a,b){var c=E();this.declare(a,{data:b,pageElapsedTime:c-(n.aPageStart||NaN),triggerTime:c})},handleTriggers:function(){this.log("handleTriggers deprecated")},attributeErrors:function(a){return new x(a)},_namespace:function(a,b){return new x(a,b)}};var ha=f(n,"AmazonUIPageJS",new x);ha._namespace("PageJS","AmazonUI").declare("prv:p-debug",
N);ha.declare("p-recorder-events",[]);ha.declare("p-recorder-stop",function(){});f(n,"P",ha);y();if(r.addEventListener){var aa;r.addEventListener("DOMContentLoaded",aa=function(){ha.trigger("a-domready");r.removeEventListener("DOMContentLoaded",aa,!1)},!1)}var S=r.documentElement,Z=function(){var a=["O","ms","Moz","Webkit"],b=r.createElement("div");return{testGradients:function(){b.style.cssText=("background-image:-webkit-gradient(linear,left top,right bottom,from(#9f9),to(white));background-image:"+
a.join("linear-gradient(left top,#9f9, white);background-image:")).slice(0,-17);return-1<b.style.backgroundImage.indexOf("gradient")},test:function(c){var d=c.charAt(0).toUpperCase()+c.substr(1);c=(a.join(d+" ")+d+" "+c).split(" ");for(d=c.length;d--;)if(""===b.style[c[d]])return!0;return!1},testTransform3d:function(){var a=!1;n.matchMedia&&(a=n.matchMedia("(-webkit-transform-3d)").matches);return a}}}(),D=S.className,na=/(^| )a-mobile( |$)/.test(D),ta=/(^| )a-tablet( |$)/.test(D),ua={audio:function(){return!!r.createElement("audio").canPlayType},
video:function(){return!!r.createElement("video").canPlayType},canvas:function(){return!!r.createElement("canvas").getContext},svg:function(){return!!r.createElementNS&&!!r.createElementNS("http://www.w3.org/2000/svg","svg").createSVGRect},offline:function(){return navigator.hasOwnProperty&&navigator.hasOwnProperty("onLine")&&navigator.onLine},dragDrop:function(){return"draggable"in r.createElement("span")},geolocation:function(){return!!navigator.geolocation},history:function(){return!(!n.history||
!n.history.pushState)},webworker:function(){return!!n.Worker},autofocus:function(){return"autofocus"in r.createElement("input")},inputPlaceholder:function(){return"placeholder"in r.createElement("input")},textareaPlaceholder:function(){return"placeholder"in r.createElement("textarea")},localStorage:function(){return"localStorage"in n&&null!==n.localStorage},orientation:function(){return"orientation"in n},touch:function(){return"ontouchend"in r},gradients:function(){return Z.testGradients()},hires:function(){var a=
n.devicePixelRatio&&1.5<=n.devicePixelRatio||n.matchMedia&&n.matchMedia("(min-resolution:144dpi)").matches;m("hiRes"+(na?"Mobile":ta?"Tablet":"Desktop"),a?1:0);return a},transform3d:function(){return Z.testTransform3d()},touchScrolling:function(){return l(/Windowshop|android.([3-9]|[L-Z])|OS ([5-9]|[1-9][0-9]+)(_[0-9]{1,2})+ like Mac OS X|Chrome|Silk|Firefox|Trident.+?; Touch/i)},ios:function(){return l(/OS [1-9][0-9]*(_[0-9]*)+ like Mac OS X/i)},android:function(){return l(/android.([1-9]|[L-Z])/i)&&
!l(/trident/i)},mobile:function(){return na},tablet:function(){return ta}},ca;for(ca in ua)ua.hasOwnProperty(ca)&&(ua[ca]=A(ua[ca]));for(var P="textShadow textStroke boxShadow borderRadius borderImage opacity transform transition".split(" "),ba=0;ba<P.length;ba++)ua[P[ba]]=A(function(){return Z.test(P[ba])});var Y=!0,ia=0,sa={w:0,h:0},ma=4;z();k(n,"resize",function(){clearTimeout(ia);ma=4;z()});w(S,"a-no-js");u(S,"a-js");D=[];for(ca in ua)ua.hasOwnProperty(ca)&&ua[ca]&&D.push("a-"+ca.replace(/([A-Z])/g,
function(a){return"-"+a.toLowerCase()}));u(S,D.join(" "));S.setAttribute("data-aui-build-date","3.16.6.4-2016-05-10");ha.register("p-detect",function(){return{capabilities:ua,toggleResponsiveGrid:C,responsiveGridEnabled:F}});ha.declare("a-event-revised-handling",!1)})(window,document,Date);
</script>
<script>
(window.AmazonUIPageJS ? AmazonUIPageJS : P).when('atf').execute(function() {
  (window.AmazonUIPageJS ? AmazonUIPageJS : P).load.js('http://z-ecx.images-amazon.com/images/G/01/AUIClients/AmazonUI-46b350ce7918729a03740727676b761a9c8addac._V2_.js#AUIClients/AmazonUI.rendering_engine-not-trident.udp_amznjq_shim.min');
});
(window.AmazonUIPageJS ? AmazonUIPageJS : P).when('atf').execute(function() {
  (window.AmazonUIPageJS ? AmazonUIPageJS : P).load.js('http://z-ecx.images-amazon.com/images/I/31yw-xUfw0L._RC|21T+wghIdtL.js,210750+VhVL.js,01lJcYXHevL.js,3124FsDTcjL.js,41HM1xUVkGL.js,31kvGL5KPxL.js,41tq9fIxLyL.js,21lI163BfyL.js,01dxEvVBUeL.js,112IXy0KrSL.js,01DdN5HYGpL.js,71ubm0m2bPL.js,51HOwnzg8NL.js,11B-6oFpmdL.js,31wu56JnmKL.js,01STS3QrYuL.js,01tmPUPXtdL.js,61Q5kcjylNL.js,01zUvGCQbPL.js,01X5C8pWB1L.js,01LHJt5PiyL.js,01f61VgJGUL.js,31oxXsLwgnL.js,01YVu6IzvIL.js,01+OR70zYJL.js,0193uyIciNL.js,31VReWMQSPL.js_.js#AUIClients/HardlinesDetailPageMetaAsset');
});
(window.AmazonUIPageJS ? AmazonUIPageJS : P).when('atf').execute(function() {
  (window.AmazonUIPageJS ? AmazonUIPageJS : P).load.js('http://z-ecx.images-amazon.com/images/G/01/AUIClients/AmazonCustomBuyBoxAssets-f7b2de0c7ceed99739c4a91311b728c5b0c63bfa._V2_.js#AUIClients/AmazonCustomBuyBoxAssets.min');
});
</script>







    


 


    
    



      


    
    










        

















 
 
 











      













  
  












    
    
      



    

    
    



        
    





  


    












<style type="text/css">

  #cm_cr_dpwidget .a-size-micro {
    font-size: 9px;
  } 

  #cm_cr_dpwidget .c7yTopDownDashedStrike {
    border-top: 1px dashed #A9A9A9;
    border-bottom: 1px dashed #A9A9A9;
  }

  #cm_cr_dpwidget .c7yBadgeAUI {
    text-transform: uppercase;
    letter-spacing: 0.5px;
    padding: 2px;
    white-space: nowrap;
  }

</style>



<style type="text/css">.nav-sprite-v1 .nav-sprite, .nav-sprite-v1 .nav-icon {
  background-image: url(http://g-ecx.images-amazon.com/images/G/03/gno/sprites/nav-sprite-global_bluebeacon-1x_optimized._CB295582946_.png);
  background-position: 0 1000px;
  background-repeat: repeat-x;
}
.nav-spinner {
  background-image: url(http://g-ecx.images-amazon.com/images/G/03/javascripts/lib/popover/images/snake._CB192194539_.gif);
  background-position: center center;
  background-repeat: no-repeat;
}
.nav-timeline-icon, .nav-access-image, .nav-timeline-prime-icon {
  background-image: url(http://g-ecx.images-amazon.com/images/G/03/gno/sprites/timeline_sprite_1x.png);
  background-repeat: no-repeat;
}


  
    .tagEdit {
      padding-bottom:4px;
      padding-top:4px;
    }

    .edit-tag {
      width: 155px;
      margin-left: 10px;
    }

    .list-tags {
      white-space: nowrap;
      padding: 1px 0px 0px 0px;
    }

   #suggest-table {
      display: none;
      position: absolute;
      z-index: 2;
      background-color: #fff;
      border: 1px solid #9ac;
    }

    #suggest-table tr td{
      color: #333;
      font: 11px Verdana, sans-serif;
      padding: 2px;
    }

    #suggest-table tr.hovered {
      color: #efedd4;
      background-color: #9ac;
    }

  
  .see-popular {
    padding: 1.3em 0 0 0;
  }

  .tag-cols {
    border-collapse: collapse;
  }

  .tag-cols td {
    vertical-align: top;
    width: 250px;
    padding-right: 30px;
  }

  .tag-cols .tag-row {
    padding: 0 0 7px 0px;
  }

  .tag-cols .see-all {
    white-space: nowrap;
    padding-top: 5px;
  }

  .tags-piles-feedback {
    display: none;
    color: #000;
    font-size: 0.9em;
    font-weight: bold;
    margin: 0px 0 0 0;
   }

  .tag-cols i {
    display: none;
    cursor: pointer;
    cursor: hand;
    float: left;
    font-style: normal;
    font-size: 0px;
    vertical-align: bottom;
    width: 16px;
    height: 16px;
    margin-top: 1px;
    margin-right: 3px;
  }

  .tag-cols .snake {
    display: block;
    background: url('http://g-ecx.images-amazon.com/images/G/03/x-locale/communities/tags/graysnake._CB192240190_.gif');
  }

  #tagContentHolder .tip {
    display: none;
    color: #999;
    font-size: 10px;
    padding-top: 0.25em;
  }

  #tagContentHolder .tip a {
    color: #999 !important;
    text-decoration: none !important;
    border-bottom: solid 1px #CCC;
  }

  .nowrap {
    white-space: nowrap;
  }

  #tgEnableVoting {
    display: none;
  }

  #tagContentHolder .count {
    color: #666;
    font-size: 10px;
    margin-left: 3px;
    white-space: nowrap;
  }

  .count.tgVoting {
    cursor: pointer;
  }

  .tgVoting .tgCounter {
    margin-right: 3px;
    border-bottom: 1px dashed #003399;
    color: #003399;
  }


.c2c-inline-sprite {
    display: -moz-inline-box;
    display: inline-block;
    margin: 0;padding: 0; 
    position: relative;
    overflow: hidden;
    vertical-align: middle;
    background-image: url(http://g-ecx.images-amazon.com/images/G/03/electronics/click2call/click2call-sprite._CB153403599_.png);
    background-repeat: no-repeat;
}
.c2c-inline-sprite span {
    position:absolute;
    top:-9999px;
}

.dp-call-me-button {
    width:52px;
    height:22px;
    background-position:0px -57px; 
}

#dp-c2c-phone-icon {
  background-image:url(http://g-ecx.images-amazon.com/images/G/03/electronics/click2call/sprite-click2call._CB135147448_.png);
  background-repeat:no-repeat;
  background-position: 0px 0px;
  width:36px;
  height:35px;
  float:left;
  margin-right:0.5em;
}   
#detailpage-click2call-table {
  padding: 5px 0;
}   

/* Different sprites/images used CSS Start */
.swSprite {background-image: url(http://g-ecx.images-amazon.com/images/G/03/common/sprites/sprite-site-wide._CB146303775_.png); }
.dpSprite {background-image: url(http://g-ecx.images-amazon.com/images/G/03/common/sprites/sprite-dp-2._CB380646105_.png); }
.wl-button-sprite {background-image: url(http://g-ecx.images-amazon.com/images/G/03/x-locale/communities/wishlist/add-to-wl-button-sprite.gif); }
.cBoxTL, .cBoxTR, .cBoxBL, .cBoxBR { background-image:url(http://g-ecx.images-amazon.com/images/G/03/common/sprites/sprite-site-wide-2._CB295586782_.png); }
.auiTestSprite { background: url(http://g-ecx.images-amazon.com/images/G/03/nav2/images/sprite-carousel-btns-stars2.png) no-repeat scroll 0 0 transparent; }
span.amtchelp { background: url(http://g-ecx.images-amazon.com/images/G/03/SellerForums/amz/images/help-16x16._CB339876337_.gif) no-repeat scroll right bottom transparent; }
.shuttleGradient { background: url(http://g-ecx.images-amazon.com/images/G/03/x-locale/communities/customerimage/shuttle-gradient._CB192239028_.gif); }
.twisterPopoverArrow { background: url(http://g-ecx.images-amazon.com/images/G/03/gateway/csw/tri-down._CB401957524_.png); }
#finderUpdateButton img, #finderShowMoreDevicesLink, #finderHideMoreDevicesLink {background-image: url(http://g-ecx.images-amazon.com/images/G/03/nav2/finders/finder-fits-sprites._CB156429345_.png);}
.cmtySprite { background-image: url(http://g-ecx.images-amazon.com/images/G/03/common/sprites/sprite-communities._CB388946692_.png); background-repeat: no-repeat; }

/* Different sprites/images used CSS End */



/* Best Seller Badging */


  .medSprite { background-image: url('http://g-ecx.images-amazon.com/images/G/03/common/sprites/sprite-media-platform._CB246955114_.png'); background-repeat: no-repeat; }

</style>













 
 




<link type='text/css' href='http://z-ecx.images-amazon.com/images/G/01/browser-scripts/de-site-wide-css-beacon/site-wide-6800426958._V1_.css' rel='stylesheet'>
<style type="text/css">

/* non-sprited */
.ap_popover_unsprited .ap_body   .ap_left   { background-image: url(http://g-ecx.images-amazon.com/images/G/01/javascripts/lib/popover/images/po_left_17._CB248144977_.png); }
.ap_popover_unsprited .ap_body   .ap_right  { background-image: url(http://g-ecx.images-amazon.com/images/G/01/javascripts/lib/popover/images/po_right_17._CB248144979_.png); }
.ap_popover_unsprited .ap_header .ap_left   { background-image: url(http://g-ecx.images-amazon.com/images/G/01/javascripts/lib/popover/images/po_top_left._CB265110087_.png); }
.ap_popover_unsprited .ap_header .ap_right  { background-image: url(http://g-ecx.images-amazon.com/images/G/01/javascripts/lib/popover/images/po_top_right._CB265110087_.png); }
.ap_popover_unsprited .ap_header .ap_middle { background-image: url(http://g-ecx.images-amazon.com/images/G/01/javascripts/lib/popover/images/po_top._CB265110086_.png); }
.ap_popover_unsprited .ap_footer .ap_left   { background-image: url(http://g-ecx.images-amazon.com/images/G/01/javascripts/lib/popover/images/po_bottom_left._CB265110084_.png); }
.ap_popover_unsprited .ap_footer .ap_right  { background-image: url(http://g-ecx.images-amazon.com/images/G/01/javascripts/lib/popover/images/po_bottom_right._CB265110087_.png); }
.ap_popover_unsprited .ap_footer .ap_middle { background-image: url(http://g-ecx.images-amazon.com/images/G/01/javascripts/lib/popover/images/po_bottom._CB265110084_.png); }

/* Everything else -- sprited */
.ap_popover_sprited .ap_body .ap_left, 
.ap_popover_sprited .ap_body .ap_right {
    background-image: url(http://g-ecx.images-amazon.com/images/G/01/javascripts/lib/popover/images/light/sprite-v._CB219326283_.png);
}


.ap_popover_sprited .ap_header .ap_left, 
.ap_popover_sprited .ap_header .ap_right,
.ap_popover_sprited .ap_header .ap_middle,
.ap_popover_sprited .ap_footer .ap_left, 
.ap_popover_sprited .ap_footer .ap_right,
.ap_popover_sprited .ap_footer .ap_middle,
.ap_popover_sprited .ap_closebutton {
    background-image: url(http://g-ecx.images-amazon.com/images/G/01/javascripts/lib/popover/images/light/sprite-h._CB219326280_.png);
}

.ap_popover_sprited .ap_body .ap_right-arrow, .ap_popover_sprited .ap_body .ap_left-arrow {
    background-image: url(http://g-ecx.images-amazon.com/images/G/01/javascripts/lib/popover/images/light/sprite-arrow-v._CB219326286_.png);
}

</style>


<script type="text/javascript">

var amznJQ,jQueryPatchIPadOffset=false;
(function() {
  function f(x) {return function(){x.push(arguments);}}
  function ch(y) {return String.fromCharCode(y);}
  var a=[],c=[],cs=[],d=[],l=[],o=[],s=[],p=[],t=[];
  amznJQ={
    _timesliceJS: false,
    _a:a,_c:c,_cs:cs,_d:d,_l:l,_o:o,_s:s,_pl:p,
    addLogical:f(l),
    addStyle:f(s),
    addPL:f(p),
    available:f(a),
    chars:{EOL:ch(10), SQUOTE:ch(39), DQUOTE:ch(34), BACKSLASH:ch(92), YEN:ch(165)},
    completedStage:f(cs),
    declareAvailable:f(d),
    onCompletion:f(c),
    onReady:f(o),
    strings:{}
  };
}());


</script>




<script language="Javascript1.1" type="text/javascript">
<!--
function amz_js_PopWin(url,name,options){
  var ContextWindow = window.open(url,name,options);
  ContextWindow.focus();
  return false;
}
//-->
</script>


        
        
    
        
        
        
        
            
        
        
        
            











<meta http-equiv="content-type" content="text/html; charset=iso-8859-15" />





<link rel="canonical" href="http://www.amazon.de/Aptamil-Kindermilch-Jahr-4er-Pack/dp/B00BSNACII" />
<meta name="description" content="Amazon.de: Aptamil Kindermilch 1+ ab 1 Jahr, 4er Pack (4 x 600 g) - Jetzt bestellen! Gro&szlig;e Auswahl &amp; schneller Versand." />
<meta name="title" content="Aptamil Kindermilch 1+ ab 1 Jahr, 4er Pack (4 x 600 g): Amazon.de: Lebensmittel &amp; Getränke" />

<meta name="keywords" content="Aptamil Kindermilch 1+ ab 1 Jahr, 4er Pack (4 x 600 g),Aptamil,602230,1. Geburtstag,Kind,Kleinkind,Milch,Milchgetränk" />
<title>Aptamil Kindermilch 1+ ab 1 Jahr, 4er Pack (4 x 600 g): Amazon.de: Lebensmittel &amp; Getränke</title>












<style type="text/css">

  #cm_cr_dpwidget .a-size-micro {
    font-size: 9px;
  } 

  #cm_cr_dpwidget .c7yTopDownDashedStrike {
    border-top: 1px dashed #A9A9A9;
    border-bottom: 1px dashed #A9A9A9;
  }

  #cm_cr_dpwidget .c7yBadgeAUI {
    text-transform: uppercase;
    letter-spacing: 0.5px;
    padding: 2px;
    white-space: nowrap;
  }

</style>



<script type="text/javascript">

// =============================================================================
// Function Class: Show/Hide product promotions & special offers link
// =============================================================================

function showElement(id) {
  var elm = document.getElementById(id);
  if (elm) {
    elm.style.visibility = 'visible';
    if (elm.getAttribute('name') == 'heroQuickPromoDiv') {
      elm.style.display = 'block';
    }
  }
}
function hideElement(id) {
  var elm = document.getElementById(id);
  if (elm) {
    elm.style.visibility = 'hidden';
    if (elm.getAttribute('name') == 'heroQuickPromoDiv') {
      elm.style.display = 'none';
    }
  }
}
function showHideElement(h_id, div_id) {
  var hiddenTag = document.getElementById(h_id);
  if (hiddenTag) {
    showElement(div_id);
  } else {
    hideElement(div_id);
  }
}

    if(typeof P === 'object' && typeof P.when === 'function'){
    P.register("isLazyLoadWeblabEnabled", function(){
        var  isWeblabEnabled = 1;
        return isWeblabEnabled;
      });
    }

	window.isBowserFeatureCleanup = 1;
	
var touchDeviceDetected = false;

var CSMReqs={af:{c:2,e:'amznJQ.AboveTheFold',p:'atf'},cf:{c:2,e:'amznJQ.criticalFeature',p:'cf'},x1:{c:1,p:'x1'},x2:{c:1,p:'x2'}};
function setCSMReq(a){
    a=a.toLowerCase();
    var b=CSMReqs[a];
    if(b&&--b.c==0){
        if(typeof uet=='function'){uet(a); (a == 'af') && (typeof replaceImg === 'function') && replaceImg();};
        if(b.e && window.amznJQ){amznJQ.completedStage(b.e);};
        if(typeof P != 'undefined'){
            P.register(b.p);
            if(a == 'af') {
                if(typeof uet === 'function') {
                    uet('bb', 'TwisterAUIWait', {wb: 1});
                }
            }
        };
    }
}
if(typeof P != 'undefined') {
    P.when('A').execute(function(A) {
        if(typeof uet === 'function') {
            uet('af', 'TwisterAUIWait', {wb: 1});
        }
    });
}

var addlongPoleTag = function(marker,customtag){
    marker=marker.toLowerCase();
    var b=CSMReqs[marker];
    if(b.c == 0){
        if(window.ue && typeof ue.tag === 'function') {
            ue.tag(customtag);
        }
    }
};

        window.isACRJumplLinkAnimated = 3;


var gbEnableTwisterJS  = 0;
var isTwisterPage = 0;
  isTwisterPage = 1;
</script>







<style type="text/css">

/* Override for Native DropDown changes */
     #twister .a-native-dropdown { display: inline; opacity:1; filter: alpha(opacity=100); z-index: auto; position: static; } #twister .a-dropdown-container span.a-button-dropdown { display: none !important }
     #buybox_feature_div .a-native-dropdown, #buybox .a-native-dropdown { opacity: 1; filter: alpha(opacity=100); z-index: auto; position: static; display: inline; font-weight: normal;}
     #buybox_feature_div label.a-native-dropdown, #buybox label.a-native-dropdown {padding-right: 5px;}
     #buybox_feature_div .a-dropdown-container .a-button-dropdown, #buybox .a-dropdown-container .a-button-dropdown  { display: none !important;}
     #buybox_feature_div #OneClickBox, #buybox #OneClickBox { text-align:center;}
     #buybox_feature_div #oneClickAvailable, #buybox #oneClickAvailable { text-align:center;}
     #defaultChildDropdown_feature_div .a-native-dropdown { display: inline;}
     #defaultChildDropdown_feature_div .a-dropdown-container .a-button-dropdown { display: none !important;}

</style>

<script type="text/javascript">


P.when("p-detect").execute(function() {
    var h = document.documentElement;
    h.className = h.className.replace(/(^|\b)a-touch(\b|$)/g,"");
});

window.weblabs = {};

</script>




    <script type="text/javascript">
(function(d,c){function f(a){b.push(a)}function e(a){if(a){var c=d.head||d.getElementsByTagName("head")[0]||d.documentElement,b=d.createElement("script");b.async="async";b.src=a;c.insertBefore(b,c.firstChild)}}function g(){ue.uels=e;for(var a=0;a<b.length;a++)e(b[a]);ue.deffered=1}var b=[];c.ue&&(ue.uels=f,c.ue.attach&&c.ue.attach("load",g))})(document,window);

if (window.ue && window.ue.uels) {
    ue.uels("http://z-ecx.images-amazon.com/images/G/01/AUIClients/ClientSideMetricsAUIJavascript-f1de9ec6144e163a29896832805994ee13b55288._V2_.js");
}
ue_tbpv = 1;

(function(h,d){function e(c){c="";var b=a.isBFT?"b":"s",e=""+a.oid,d=""+a.lid,f=e;e!=d&&20==d.length&&(b+="a",f+="-"+d);a.tabid&&(c=a.tabid+"+");c+=b+"-"+f;c!=g&&100>c.length&&(g=c,document.cookie="csm-hit="+c+("|"+ +new Date)+l+"; path=/")}function m(){g=0}function k(b){!0===d[a.pageViz.propHid]?g=0:!1===d[a.pageViz.propHid]&&e({type:"visible"})}var l="; expires="+(new Date(+new Date+6048E5)).toGMTString(),g,b=h.ue_tbpv,a=h.ue||{},f=b&&a.pageViz&&a.pageViz.event&&a.pageViz.propHid;a.attach&&(a.attach("click",
e),a.attach("keyup",e),f&&4!=b&&5!=b||(a.attach("focus",e),a.attach("blur",m)),f&&a.attach(a.pageViz.event,k,d),!f||3!=b&&5!=b||k({}));a.aftb=1})(ue_csm,document);

(function(a){var b=a.alert;window.alert=function(){a.ueLogError&&a.ueLogError({message:"[CSM] Alert invocation detected with argument: "+arguments[0],logLevel:"WARN"});Function.prototype.apply.apply(b,[a,arguments||[]])}})(window);

(function(e,l,h){function m(a){c||(c=d[a.type].id,"undefined"===typeof a.clientX?(f=a.pageX,g=a.pageY):(f=a.clientX,g=a.clientY),2!=c||k&&(k!=f||n!=g)?(r(),e.ue_hi_err&&(b.hi=0!==c),b.isl&&l.setTimeout(function(){p("at",b.id)},0)):(k=f,n=g,c=0))}function r(){for(var a in d)d.hasOwnProperty(a)&&b.detach(a,m,d[a].parent)}function s(){for(var a in d)d.hasOwnProperty(a)&&b.attach(a,m,d[a].parent)}function t(){var a="";!q&&c&&(q=1,a+="&ui="+c);return a}var b=e.ue,p=e.uex,q=0,c=0,k,n,f,g,d={click:{id:1,
parent:h},mousemove:{id:2,parent:h},scroll:{id:3,parent:l},keydown:{id:4,parent:h}};b&&p&&(s(),b._ui=t,e.ue_hi_err&&(b.hi=!1))})(ue_csm,window,document);

ue_csm.ue.stub(ue,"impression");

if(window.uet && typeof webclient !== 'undefined' && typeof webclient.getRealClickTime === 'function') {
    // Fix for intra page navigation (multiple pages in the same webview) problem, realClickTime is not uploaded
    if (window.history && typeof window.History === 'function' && typeof window.history === 'object' && history.length == 1) {
	    uet('mtc', undefined, undefined, webclient.getRealClickTime());
    } else if (window.performance && performance.timing && performance.timing.navigationStart) {
    	uet('mtc', undefined, undefined, performance.timing.navigationStart);
    }
	
	ues('ctb', undefined, '1');
}
</script>
</head>  

    <body id="dp" class="grocery de_DE a-auix_ux_57388-c a-auix_ux_63571-c a-aui_51744-c a-aui_57326-c a-aui_58736-c a-aui_accessibility_49860-c a-aui_attr_validations_1_51371-c a-aui_bolt_62845-c a-aui_ux_49594-t1 a-aui_ux_56217-c a-aui_ux_59374-c a-aui_ux_60000-c"><div style='display:none;visibility:hidden;'>
    <img src='//fls-eu.amazon.de/1/batch/1/OP/A1PA6795UKMFR9:277-7281789-8489225:0K8TTEBZSQ1S50KDN22N$uedata=s:%2Fdp%2FB00BSNACII%2Fuedata%2Funsticky%2F277-7281789-8489225%2FDetail%2Fntpoffrw%3Fstaticb%26id%3D0K8TTEBZSQ1S50KDN22N%26pty%3DDetail%26spty%3DGlance%26pti%3DB0035K1U3S:1000' />


</div>
<div id="a-page"><script type="a-state" data-a-state="{&quot;key&quot;:&quot;a-wlab-states&quot;}">{"AUIX_UX_57388":null,"AUIX_UX_63571":null,"AUI_51744":"C","AUI_57326":null,"AUI_58736":null,"AUI_ACCESSIBILITY_49860":null,"AUI_ATTR_VALIDATIONS_1_51371":null,"AUI_BOLT_62845":null,"AUI_UX_49594":"T1","AUI_UX_56217":"C","AUI_UX_59374":null,"AUI_UX_60000":null}</script>

<script> (typeof uet === 'function') && uet('bb') </script>


         






<script type="text/javascript">

  if(typeof P !== "undefined" && typeof P.when === "function"){
    P.when('cf').execute(function() {
          P.when('navbarJS-jQuery').execute(function(){});
  P.when('finderFitsJS').execute(function(){});
  P.when('twister').execute(function(){});
  P.when('swfjs').execute(function(){});

    });
  }
</script>


<!-- BeginNav --><!--  -->
<script>
(window.AmazonUIPageJS ? AmazonUIPageJS : P).when('navCF').execute(function() {
  (window.AmazonUIPageJS ? AmazonUIPageJS : P).load.js('http://z-ecx.images-amazon.com/images/I/01YAhwn3AyL._RC|71RixZdXwXL.js,51hXuaB2fiL.js,01A18a0oAWL.js,31KWPx5AjmL.js,01wBjiz9OvL.js_.js#AUIClients/NavDesktopMetaAsset');
});
</script>
<!-- From remote config v3-->
<script type="text/javascript">
(function(d){document.createElement("header");function b(e){return[].slice.call(e)}function c(f,e){return{m:f,a:b(e)}}var a=function(f){var g={};g._sourceName=f;g._replay=[];g.getNow=function(i,h){return h};function e(i,h,j){i[j]=function(){g._replay.push(h.concat(c(j,arguments)))}}g.when=function(){var i=[c("when",arguments)];var h={};e(h,i,"run");e(h,i,"declare");e(h,i,"publish");e(h,i,"build");return h};e(g,[],"declare");e(g,[],"build");e(g,[],"publish");e(g,[],"importEvent");a._shims.push(g);return g};a._shims=[];if(!d.$Nav){d.$Nav=a("rcx-nav")}if(!d.$Nav.make){d.$Nav.make=a}}(window));
$Nav.importEvent('navbarJS-beaconbelt');
$Nav.declare('img.sprite', {
  'png8': 'http://g-ecx.images-amazon.com/images/G/03/gno/sprites/global-sprite_bluebeacon-v1._CB308131311_.png',
  'png32': 'http://g-ecx.images-amazon.com/images/G/03/gno/sprites/nav-sprite-global_bluebeacon-1x_optimized._CB295582946_.png',
  'png32-2x': 'http://g-ecx.images-amazon.com/images/G/03/gno/sprites/nav-sprite-global_bluebeacon-2x_optimized._CB295582946_.png'
});
$Nav.declare('img.timeline', {
  'timeline-icon-2x': 'http://g-ecx.images-amazon.com/images/G/03/gno/sprites/timeline_sprite_2x.png'
});
$Nav.declare('img.gifting', {
  'gifting-image-2x': 'http://g-ecx.images-amazon.com/images/G/03/gno/gifting/gifting_flyout_2x.jpg'
});
$Nav.declare('img.prime', {
  'prime_music_image_2x': 'http://g-ecx.images-amazon.com/images/G/03/gno/prime/prime_music_2x.jpg',
  'prime_shipping_image_2x': 'http://g-ecx.images-amazon.com/images/G/03/gno/prime/prime_shipping_2x.jpg',
  'prime_video_image_2x': 'http://g-ecx.images-amazon.com/images/G/03/gno/prime/prime_video_2x.jpg',
  'prime_rec_left_image_2x': 'http://g-ecx.images-amazon.com/images/G/03/gno/prime/prime_rec_left_2x.jpg'
});
window._navbarSpriteUrl = 'http://g-ecx.images-amazon.com/images/G/03/gno/sprites/nav-sprite-global_bluebeacon-1x_optimized._CB295582946_.png';
$Nav.declare('img.pixel', 'http://g-ecx.images-amazon.com/images/G/03/x-locale/common/transparent-pixel._CB386942701_.gif');
</script>
<img src="http://g-ecx.images-amazon.com/images/G/03/gno/sprites/nav-sprite-global_bluebeacon-1x_optimized._CB295582946_.png" style="display:none" alt=""/>
<!--[if IE 6]>
<style type="text/css"><!--
  #navbar.nav-sprite-v3 .nav-sprite {
    background-image: url(http://g-ecx.images-amazon.com/images/G/03/gno/sprites/global-sprite_bluebeacon-v1._CB308131311_.png);
  }
--></style>
<![endif]-->






















<!--Pilu -->

<script type='text/javascript'>
window.uet && uet('ns');

window._navbar = (function (o) {
  o.componentLoaded = o.loading = function(){};
  o.browsepromos = {};
  o.issPromos = [];
  return o;
}(window._navbar || {}));

window._navbar.declareOnLoad = function () { window.$Nav && $Nav.declare('page.load'); };
if (window.addEventListener) {
  window.addEventListener("load", window._navbar.declareOnLoad, false);
} else if (window.attachEvent) {
  window.attachEvent("onload", window._navbar.declareOnLoad);
} else if (window.$Nav) {
  $Nav.when('page.domReady').run("OnloadFallbackSetup", function () {
    window._navbar.declareOnLoad();
  });
}

window.$Nav && $Nav.declare('logEvent.enabled',
  false);


window.$Nav && $Nav.declare('config.lightningDeals',{});
window.$Nav && $Nav.declare('config.swmStyleData',{});
window.$Nav && $Nav.declare('config.ajaxProximity', [141,7,60,150]);

</script>

<script type='text/javascript'>window.$Nav && $Nav.when('$','$F','config','logEvent','panels','phoneHome','dataPanel','flyouts.renderPromo','flyouts.sloppyTrigger','flyouts.accessibility','util.mouseOut','util.onKey','debug.param').build('flyouts.buildSubPanels',function($,$F,config,logEvent,panels,phoneHome,dataPanel,renderPromo,createSloppyTrigger,a11yHandler,mouseOutUtility,onKey,debugParam){var flyoutDebug=debugParam('navFlyoutClick');return function(flyout,event){var linkKeys=[];$('.nav-item',flyout.elem()).each(function(){var $item=$(this);linkKeys.push({link:$item,panelKey:$item.attr('data-nav-panelkey')});});if(linkKeys.length===0){return;} var visible=false;var $parent=$('<div class=\'nav-subcats\'></div>').appendTo(flyout.elem());var panelGroup=flyout.getName()+'SubCats';var hideTimeout=null;var sloppyTrigger=createSloppyTrigger($parent);var showParent=function(){if(hideTimeout){clearTimeout(hideTimeout);hideTimeout=null;} if(visible){return;} var height=$('#nav-flyout-shopAll').height();$parent.animate({width:'show'},{duration:200,complete:function(){$parent.css({overflow:'visible','height':height});}});visible=true;};var hideParentNow=function(){$parent.stop().css({overflow:'hidden',display:'none',width:'auto',height:'auto'});panels.hideAll({group:panelGroup});visible=false;if(hideTimeout){clearTimeout(hideTimeout);hideTimeout=null;}};var hideParent=function(){if(!visible){return;} if(hideTimeout){clearTimeout(hideTimeout);hideTimeout=null;} hideTimeout=setTimeout(hideParentNow,10);};flyout.onHide(function(){sloppyTrigger.disable();hideParentNow();this.elem().hide();});var addPanel=function($link,panelKey){var panel=dataPanel({className:'nav-subcat',dataKey:panelKey,groups:[panelGroup],spinner:false,visible:false});if(!flyoutDebug){var mouseout=mouseOutUtility();mouseout.add(flyout.elem());mouseout.action(function(){panel.hide();});mouseout.enable();} var a11y=a11yHandler({link:$link,onEscape:function(){panel.hide();$link.focus();}});var logPanelInteraction=function(promoID,wlTriggers){var logNow=$F.once().on(function(){var panelEvent=$.extend({},event,{id:promoID});if(config.browsePromos&&!!config.browsePromos[promoID]){panelEvent.bp=1;} logEvent(panelEvent);phoneHome.trigger(wlTriggers);});if(panel.isVisible()&&panel.hasInteracted()){logNow();}else{panel.onInteract(logNow);}};panel.onData(function(data){renderPromo(data.promoID,panel.elem());logPanelInteraction(data.promoID,data.wlTriggers);});panel.onShow(function(){var columnCount=$('.nav-column',panel.elem()).length;panel.elem().addClass('nav-colcount-'+columnCount);showParent();var $subCatLinks=$('.nav-subcat-links > a',panel.elem());var length=$subCatLinks.length;if(length>0){var firstElementLeftPos=$subCatLinks.eq(0).offset().left;for(var i=1;i<length;i++){if(firstElementLeftPos===$subCatLinks.eq(i).offset().left){$subCatLinks.eq(i).addClass('nav_linestart');}} if($('span.nav-title.nav-item',panel.elem()).length===0){var catTitle=$.trim($link.html());catTitle=catTitle.replace(/ref=sa_menu_top/g,'ref=sa_menu');var $subPanelTitle=$('<span class=\'nav-title nav-item\'>'+ catTitle+'</span>');panel.elem().prepend($subPanelTitle);}} $link.addClass('nav-active');});panel.onHide(function(){$link.removeClass('nav-active');hideParent();a11y.disable();});panel.onShow(function(){a11y.elems($('a, area',panel.elem()));});sloppyTrigger.register($link,panel);if(flyoutDebug){$link.click(function(){if(panel.isVisible()){panel.hide();}else{panel.show();}});} var panelKeyHandler=onKey($link,function(){if(this.isEnter()||this.isSpace()){panel.show();}},'keydown',false);$link.focus(function(){panelKeyHandler.bind();}).blur(function(){panelKeyHandler.unbind();});panel.elem().appendTo($parent);};var hideParentAndResetTrigger=function(){hideParent();sloppyTrigger.disable();};for(var i=0;i<linkKeys.length;i++){var item=linkKeys[i];if(item.panelKey){addPanel(item.link,item.panelKey);}else{item.link.mouseover(hideParentAndResetTrigger);}}};}); window.$Nav && window.$Nav.when("$","subnav.initFlyouts","constants","nav.inline").build("subnav.builder",function(a,t,e){var n=a("#navbar");return function(s){var r=a("#nav-subnav");if(0===r.length&&(r=a("<div id='nav-subnav'></div>").appendTo("#navbar")),r.html(""),n.removeClass("nav-subnav"),s.categoryKey&&s.digest){r.attr("data-category",s.categoryKey).attr("data-digest",s.digest).attr("class",s.category.data.categoryStyle),s.style?r.attr("style",s.style):r.attr("style")&&r.removeAttr("style");var i=function(t){if(t&&t.href){var n="nav-a",s=t.text,i=t.dataKey;if(!s&&!t.image){if(!i||0!==i.indexOf(e.ADVANCED_PREFIX))return;s="",n+=" nav-aText"}var d=t.image?"<img src='"+t.image+"'class='nav-categ-image' ></a>":s,l=a("<a href='"+t.href+"' class='"+n+"'></a>"),v=a("<span class='nav-a-content'>"+d+"</span>");if("image"===t.type&&(v.html(""),l.addClass("nav-hasImage"),t.rightText=""),t.bold&&!t.image&&l.addClass("nav-b"),t.floatRight&&l.addClass("nav-right"),t.flyoutFullWidth&&"0"!==t.flyoutFullWidth&&l.attr("data-nav-flyout-full-width","1"),t.src){var g=["nav-image"];t["absolute-right"]&&g.push("nav-image-abs-right"),t["absolute-right"]&&g.push("nav-image-abs-right"),a("<img src='"+t.src+"' class='"+g.join(" ")+"' alt='"+(t.alt||"")+"' />").appendTo(v)}t.rightText&&v.append(t.rightText),v.appendTo(l),i&&(a("<span class='nav-arrow'></span>").appendTo(l),l.attr("data-nav-key",i).addClass("nav-hasArrow")),l.appendTo(r),r.append(document.createTextNode(" "))}};if(s.category&&s.category.data&&(s.category.data.bold=!0,i(s.category.data)),s.subnav&&"linkSequence"===s.subnav.type)for(var d=0;d<s.subnav.data.length;d++)i(s.subnav.data[d]);n.addClass("nav-subnav"),t()}}});</script><style type='text/css'>div#navSwmHoliday.nav-focus {border: none;margin: 0;}</style>

<!-- navp-ZbXryKkKL4oYhR9o4g3OVfSnqCY3NcZTJcG0Rd2h75jYNGKxnqMcgCEw5OKJTE5OS8auAQJa8FQ= rid-0K8TTEBZSQ1S50KDN22N (Tue May 24 09:43:14 2016) -->




<![if gt IE 6]><noscript><![endif]>
<style type="text/css"><!--
  #navbar #nav-shop .nav-a:hover {
    color: #ff9900;
    text-decoration: underline;
  }
  #navbar #nav-search .nav-search-facade,
  #navbar #nav-tools .nav-icon,
  #navbar #nav-shop .nav-icon,
  #navbar #nav-subnav .nav-hasArrow .nav-arrow {
    display: none;
  }
  #navbar #nav-search .nav-search-submit,
  #navbar #nav-search .nav-search-scope {
    display: block;
  }
  #nav-search .nav-search-scope {
    padding: 0 5px;
  }
  #navbar #nav-search .nav-search-dropdown {
    position: relative;
    top: 5px;
    height: 23px;
    font-size: 14px;
    opacity: 1;
    filter: alpha(opacity = 100);
  }
--></style>
<![if gt IE 6]></noscript><![endif]>



<a id="nav-top"></a>







<header class='nav-locale-de nav-lang-de nav-unrec nav-opt-sprite'>
  <div id='navbar' role="navigation" class='nav-sprite-v1 nav-bluebeacon nav-subnav'>
    
    
    <div id='nav-belt'>
      <div class='nav-left'>
        
<div id='nav-logo' >
  <a href="/ref=nav_logo/277-7281789-8489225"
    class='nav-logo-link' 
    tabindex="2"
  >
    <span class='nav-logo-base nav-sprite'>Amazon.de</span>
    <span class='nav-logo-ext nav-sprite'></span>
    <span class='nav-logo-locale nav-sprite'></span>
  </a>

  <a href="/gp/prime/ref=nav_logo_prime_join/277-7281789-8489225" aria-label="" tabindex="3" class='nav-logo-tagline nav-sprite nav-prime-try' >
    Prime testen
  </a>

  
</div>


      </div>
      <div class='nav-right'>
        

  <div id='nav-swmslot'>
    <div id="navSwmHoliday" style="background-image: url(http://g-ecx.images-amazon.com/images/G/03/marketing/prime/onsite/SWM/de_prime_10-04-15_desktop_swms_400x39_1._CB308247606_.png); width: 400px; height: 39px; overflow: hidden;position: relative;"><img alt='Prime' src='http://g-ecx.images-amazon.com/images/G/03/x-locale/common/transparent-pixel._CB386942701_.gif' border='0' width='400px' height='39px' usemap='#nav-swm-holiday-map' /></div><div style="display: none;"><map id="nav-swm-holiday-map" name="nav-swm-holiday-map"><area shape="rect" coords="1,2,400,39" href ="https://www.amazon.de:443/gp/redirect.html/ref=Prime_de_swm_unrecog/277-7281789-8489225?ie=UTF8&location=https%3A%2F%2Fwww.amazon.de%2Fgp%2Fprime%2F%3Fref_%3DPrime_de_swm_unrecog&source=standards&token=09C6F2F9897CD5602DAB1E7E8DB6CAE889EFC345&pf_rd_m=A3JWKAKR8XB7XF&pf_rd_s=nav-sitewide-msg&pf_rd_r=0K8TTEBZSQ1S50KDN22N&pf_rd_t=4201&pf_rd_p=910977947&pf_rd_i=navbar-4201" alt ="Prime" /></map></div>
  </div>

      </div>
      <div class='nav-fill'>
        
<div id="nav-search">
  <div id="nav-bar-left"></div>
  <form accept-charset='utf-8' action='/s/ref=nb_sb_noss/277-7281789-8489225' class='nav-searchbar' method='GET' name='site-search' role='search'>
    <input type="hidden" name="__mk_de_DE" value="ÅMÅŽÕÑ" />
    <div class="nav-left">
      <div class="nav-search-scope nav-sprite">
        
<div class="nav-search-facade" data-value="search-alias=aps">
  <span class="nav-search-label">Lebensmittel & Getränke</span>
  <i class="nav-icon"></i>
</div>

        
<select class='nav-search-dropdown searchSelect' data-nav-digest='ZPesHFv7msevQtqeh6/XWRRz26Y' data-nav-selected='27' id='searchDropdownBox' name='url' tabindex='5' title='Suchen in'>
<option value='search-alias=aps'>Alle Kategorien</option>
<option value='search-alias=pantry'>Amazon Pantry</option>
<option value='search-alias=instant-video'>Amazon Video</option>
<option value='search-alias=mobile-apps'>Apps & Spiele</option>
<option value='search-alias=automotive'>Auto & Motorrad</option>
<option value='search-alias=baby'>Baby</option>
<option value='search-alias=diy'>Baumarkt</option>
<option value='search-alias=beauty'>Beauty</option>
<option value='search-alias=clothing'>Bekleidung</option>
<option value='search-alias=lighting'>Beleuchtung</option>
<option value='search-alias=stripbooks'>Bücher</option>
<option value='search-alias=office-products'>Bürobedarf & Schreibwaren</option>
<option value='search-alias=computers'>Computer & Zubehör</option>
<option value='search-alias=drugstore'>Drogerie & Körperpflege</option>
<option value='search-alias=dvd'>DVD & Blu-ray</option>
<option value='search-alias=appliances'>Elektro-Großgeräte</option>
<option value='search-alias=electronics'>Elektronik & Foto</option>
<option value='search-alias=english-books'>Fremdsprachige Bücher</option>
<option value='search-alias=videogames'>Games</option>
<option value='search-alias=outdoor'>Garten</option>
<option value='search-alias=gift-cards'>Geschenkgutscheine</option>
<option value='search-alias=pets'>Haustier</option>
<option value='search-alias=photo'>Kamera &amp; Foto</option>
<option value='search-alias=digital-text'>Kindle-Shop</option>
<option value='search-alias=classical'>Klassik</option>
<option value='search-alias=luggage'>Koffer, Rucksäcke & Taschen </option>
<option value='search-alias=kitchen'>Küche & Haushalt</option>
<option current='parent' selected='selected' value='search-alias=grocery'>Lebensmittel & Getränke</option>
<option value='search-alias=dvd-bypost'>LOVEFiLM DVD Verleih</option>
<option value='search-alias=popular'>Musik-CDs & Vinyl</option>
<option value='search-alias=digital-music'>Musik-Downloads</option>
<option value='search-alias=mi'>Musikinstrumente & DJ-Equipment</option>
<option value='search-alias=luxury-beauty'>Premium Beauty</option>
<option value='search-alias=jewelry'>Schmuck</option>
<option value='search-alias=shoes'>Schuhe & Handtaschen</option>
<option value='search-alias=software'>Software</option>
<option value='search-alias=toys'>Spielzeug</option>
<option value='search-alias=sports'>Sport & Freizeit</option>
<option value='search-alias=industrial'>Technik & Wissenschaft</option>
<option value='search-alias=watches'>Uhren</option>
<option value='search-alias=magazines'>Zeitschriften</option>
</select>


      </div>
    </div>
    <div class="nav-right">
      <div class="nav-search-submit nav-sprite">
        
<span id="nav-search-submit-text" class="nav-search-submit-text nav-sprite">Los</span>

        <input type="submit" class="nav-input" value="Los" tabindex="7"/>
      </div>
    </div>
    <div class="nav-fill">
      <div class="nav-search-field">
        <input type='text'
          id='twotabsearchtextbox'
          value=""
          name='field-keywords'
          autocomplete='off'
          class='nav-input'
          tabindex="6"
        >
      </div>
      <div id="nav-iss-attach"></div>
    </div>
  </form>
</div>

      </div>
    </div>
    <div id='nav-main' class='nav-sprite'>
      <div class='nav-left'>
        
<div id='nav-shop'>
  <a href='/gp/site-directory/ref=nav_shopall_btn/277-7281789-8489225' class='nav-a nav-a-2' id='nav-link-shopall' tabindex='10'><span class='nav-line-1'>Alle</span><span class='nav-line-2'>Kategorien<span class='nav-icon nav-arrow'></span></span></a>
</div>

      </div>
      <div class='nav-right'>
        




<div id='nav-tools'>
  <a href='https://www.amazon.de/gp/navigation/redirector.html/ref=sign-in-redirect/277-7281789-8489225?ie=UTF8&associationHandle=deflex&currentPageURL=https%3A%2F%2Fwww.amazon.de%2Fgp%2Fproduct%2FB00BSNACII%3Fie%3DUTF8%26ref_%3Dnav_ya_signin&pageType=Detail&yshURL=https%3A%2F%2Fwww.amazon.de%2Fgp%2Fyourstore%2Fhome%3Fie%3DUTF8%26ref_%3Dnav_ya_signin' class='nav-a nav-a-2' data-nav-ref='nav_ya_signin' data-nav-role='signin' id='nav-link-yourAccount' tabindex='25'><span class='nav-line-1'>Hallo! Anmelden</span><span class='nav-line-2'>Mein Konto<span class='nav-icon nav-arrow'></span></span></a><a href='/gp/prime/ref=nav_prime_try_btn/277-7281789-8489225' class='nav-a nav-a-2' id='nav-link-prime' tabindex='26'><span class='nav-line-1'>Testen Sie</span><span class='nav-line-2'>Prime<span class='nav-icon nav-arrow'></span></span></a><a href='/gp/registry/wishlist/ref=nav_wishlist_btn/277-7281789-8489225' class='nav-a nav-a-2' id='nav-link-wishlist' tabindex='27'><span class='nav-line-1'>Meine</span><span class='nav-line-2'>Listen<span class='nav-icon nav-arrow'></span></span></a><a href='https://www.amazon.de/gp/cart/view.html/ref=nav_cart/277-7281789-8489225' aria-label='0 Artikel in Einkaufswagen' class='nav-a nav-a-2' id='nav-cart' tabindex='28'><span aria-hidden='true' class='nav-line-1'>Einkaufs-</span><span aria-hidden='true' class='nav-line-2'>wagen<span class='nav-icon nav-arrow'></span></span><span class='nav-cart-icon nav-sprite'></span><span id='nav-cart-count' aria-hidden='true' class='nav-cart-count nav-cart-0'>0</span></a>
</div>

      </div>
      <div class='nav-fill'>
        <div id='nav-xshop-container' ><div id='nav-xshop'>
  
  

<a href='/gp/yourstore/home/ref=nav_cs_ys/277-7281789-8489225' data-nav-tabindex='5' class='nav-a nav_a' id='nav-your-amazon'>Mein Amazon</a><a href='/gp/angebote/ref=nav_cs_gb/277-7281789-8489225' class='nav-a' tabindex='17'>Angebote</a><a href='/Geschenkgutscheine/b/ref=nav_cs_gc/277-7281789-8489225?ie=UTF8&amp;node=1571256031' class='nav-a' tabindex='18'>Gutscheine</a><a href='/b/ref=nav_cs_sell/277-7281789-8489225?_encoding=UTF8&amp;ld=AZDEGNOSellC&amp;node=2383621031' class='nav-a' tabindex='19'>Verkaufen</a><a href='/gp/help/customer/display.html/ref=nav_cs_help/277-7281789-8489225?ie=UTF8&amp;nodeId=504874' class='nav-a' tabindex='20'>Hilfe</a><a href='/gp/switch-language/product/B00BSNACII/ref=cs_switchlang/277-7281789-8489225?ie=UTF8&language=en_GB&m=A3JWKAKR8XB7XF' data-nav-tabindex='5' class='nav-a nav_a' id='nav-your-amazon'>In English - Beta <span style="color: #e47911; font-size:0.8em; font-weight:bold;">NEW!</span></a>
</div></div>
      </div>
    </div>
    
    <div id='nav-subnav'  class="" data-category="grocery" data-digest="oUIgG1kkWfhlb7u6FDlgv7SV4cQ">
<a href='/Lebensmittel-Getr%C3%A4nke/b/ref=topnav_storetab_grocery/277-7281789-8489225?ie=UTF8&amp;node=340846031' class='nav-a nav-b'><span class="nav-a-content">Lebensmittel & Getränke</span></a> <a href='/Suessigkeiten-Schokolade/b/ref=sv_grocery_0/277-7281789-8489225?ie=UTF8&amp;node=358579031' class='nav-a'><span class="nav-a-content">Schokolade &amp; Süßigkeiten</span></a> <a href='/Kaffee-Tee/b/ref=sv_grocery_1/277-7281789-8489225?ie=UTF8&amp;node=358567031' class='nav-a'><span class="nav-a-content">Kaffee &amp; Tee</span></a> <a href='/Bier-Wein-Spirituosen/b/ref=sv_grocery_2/277-7281789-8489225?ie=UTF8&amp;node=358556031' class='nav-a'><span class="nav-a-content">Bier, Wein &amp; Spirituosen</span></a> <a href='/b/ref=sv_grocery_3/277-7281789-8489225?ie=UTF8&amp;node=9501653031' class='nav-a'><span class="nav-a-content">Bio &amp; Clean Eating</span></a> <a href='/amazon-pantry/b/ref=sv_grocery_4/277-7281789-8489225?ie=UTF8&amp;node=5787992031' class='nav-a'><span class="nav-a-content">Pantry</span></a> <a href='/b/ref=sv_grocery_5/277-7281789-8489225?ie=UTF8&amp;node=365206031' class='nav-a'><span class="nav-a-content">Spar-Abo</span></a> <a href='/b/ref=sv_grocery_6/277-7281789-8489225?ie=UTF8&amp;node=437584031' class='nav-a'><span class="nav-a-content">Angebote</span></a> <a href='/gp/bestsellers/grocery/ref=sv_grocery_7/277-7281789-8489225' class='nav-a'><span class="nav-a-content">Bestseller</span></a>       
      
    </div>

    
    
  </div>
  

</header>

<!-- nav promo cached -->


<map name="nav_imgmap_nav-sa-android" id="nav_imgmap_nav-sa-android">
<area shape="rect" coords="10,10,468,472" href="/b/ref=nav_sap_mas_Marty?ie=UTF8&node=6369057031&pf_rd_p=793281787&pf_rd_s=nav-sa-android&pf_rd_t=4201&pf_rd_i=navbar-4201&pf_rd_m=A1PA6795UKMFR9&pf_rd_r=0970ARRTQ3WMMCP978J2" alt=""/>
</map>



<map name="nav_imgmap_nav-sa-apparel-shoes-watches" id="nav_imgmap_nav-sa-apparel-shoes-watches">
<area shape="rect" coords="1,1,472,460" href="/gp/b/ref=nav_sap_holidaypacklist?ie=UTF8&node=5866124031&pf_rd_p=921591667&pf_rd_s=nav-sa-apparel-shoes-watches&pf_rd_t=4201&pf_rd_i=navbar-4201&pf_rd_m=A1PA6795UKMFR9&pf_rd_r=0970ARRTQ3WMMCP978J2" alt="holidaypacklist"/>
</map>



<map name="nav_imgmap_nav-sa-auto-bike" id="nav_imgmap_nav-sa-auto-bike">
<area shape="rect" coords="16,142,503,487" href="/Motorradreifen-Roller-Motorrad/b/ref=nav-sa-auto-bike?ie=UTF8&node=4606925031&pf_rd_p=912667227&pf_rd_s=nav-sa-auto-bike&pf_rd_t=4201&pf_rd_i=navbar-4201&pf_rd_m=A1PA6795UKMFR9&pf_rd_r=0970ARRTQ3WMMCP978J2" alt="Hier klicken"/>
</map>



<map name="nav_imgmap_nav-sa-books" id="nav_imgmap_nav-sa-books">
<area shape="rect" coords="1,1,489,470" href="/fremdsprachige-englische-b%C3%83%C2%BCcher-english-books/b/ref=nav_sa_books_211656467?ie=UTF8&node=52044011&pf_rd_p=934412147&pf_rd_s=nav-sa-books&pf_rd_t=4201&pf_rd_i=navbar-4201&pf_rd_m=A1PA6795UKMFR9&pf_rd_r=0970ARRTQ3WMMCP978J2" alt="foreign_books"/>
</map>



<map name="nav_imgmap_nav-sa-cloud-drive" id="nav_imgmap_nav-sa-cloud-drive">
<area shape="rect" coords="1,1,442,426" href="/clouddrive/learnmore/ref=CD_DE_NB_GNO_DT_EVRGRN?pf_rd_p=656878767&pf_rd_s=nav-sa-cloud-drive&pf_rd_t=4201&pf_rd_i=navbar-4201&pf_rd_m=A1PA6795UKMFR9&pf_rd_r=0970ARRTQ3WMMCP978J2" alt="Cloud Drive Photos"/>
</map>



<map name="nav_imgmap_nav-sa-fire-tv" id="nav_imgmap_nav-sa-fire-tv">
<area shape="rect" coords="0,0,499,474" href="/dp/B00KAKPZYG/ref=nav_flyout_kindle_Mont_Oct?pf_rd_p=719097367&pf_rd_s=nav-sa-fire-tv&pf_rd_t=4201&pf_rd_i=navbar-4201&pf_rd_m=A1PA6795UKMFR9&pf_rd_r=0970ARRTQ3WMMCP978J2" alt="Learn More"/>
</map>



<map name="nav_imgmap_nav-sa-food-beverages-health-beauty" id="nav_imgmap_nav-sa-food-beverages-health-beauty">
<area shape="rect" coords="480,470,1,1" href="/s/ref=?_encoding=UTF8&bbn=64275031&rh=i%3Adrugstore%2Cn%3A64187031%2Cn%3A!64257031%2Cn%3A64275031%2Cn%3A64866031&pf_rd_p=922738567&pf_rd_s=nav-sa-food-beverages-health-beauty&pf_rd_t=4201&pf_rd_i=navbar-4201&pf_rd_m=A1PA6795UKMFR9&pf_rd_r=0970ARRTQ3WMMCP978J2" alt=""/>
</map>



<map name="nav_imgmap_nav-sa-home-garden-tools" id="nav_imgmap_nav-sa-home-garden-tools">
<area shape="rect" coords="1,1,479,528" href="/gp/adlp/samsung-washing/ref=de_mda_addwash?pf_rd_p=912738127&pf_rd_s=nav-sa-home-garden-tools&pf_rd_t=4201&pf_rd_i=navbar-4201&pf_rd_m=A1PA6795UKMFR9&pf_rd_r=0970ARRTQ3WMMCP978J2" alt="Samsung AddWash"/>
</map>



<map name="nav_imgmap_nav-sa-industrial" id="nav_imgmap_nav-sa-industrial">
<area shape="rect" coords="0,225,475,459" href="/b/ref=nav-sa-industrial?_encoding=UTF8&node=6587831031&pf_rd_p=899763507&pf_rd_s=nav-sa-industrial&pf_rd_t=4201&pf_rd_i=navbar-4201&pf_rd_m=A1PA6795UKMFR9&pf_rd_r=0970ARRTQ3WMMCP978J2" alt="Hier klicken"/>
</map>



<map name="nav_imgmap_nav-sa-instant-video" id="nav_imgmap_nav-sa-instant-video">
<area shape="rect" coords="1,1,519,482" href="/dp/B01DFQOK7E/ref=dvm_de_mer_gen_aiv_1_20_bosch_s2/ref=?pf_rd_p=908842947&pf_rd_s=nav-sa-instant-video&pf_rd_t=4201&pf_rd_i=navbar-4201&pf_rd_m=A1PA6795UKMFR9&pf_rd_r=0970ARRTQ3WMMCP978J2" alt=""/>
</map>



<map name="nav_imgmap_nav-sa-kindle-fire-tablet" id="nav_imgmap_nav-sa-kindle-fire-tablet">
<area shape="rect" coords="0,0,540,523" href="/dp/B00ZDWLEEG/ref=nav_flyout_kindle_fire?pf_rd_p=943294287&pf_rd_s=nav-sa-kindle-fire-tablet&pf_rd_t=4201&pf_rd_i=navbar-4201&pf_rd_m=A1PA6795UKMFR9&pf_rd_r=0970ARRTQ3WMMCP978J2" alt="Fire"/>
</map>



<map name="nav_imgmap_nav-sa-kindle-reader" id="nav_imgmap_nav-sa-kindle-reader">
<area shape="rect" coords="0,0,499,474" href="/dp/B00QJDO0QC/ref=nav_flyout_kindle_km?pf_rd_p=913411407&pf_rd_s=nav-sa-kindle-reader&pf_rd_t=4201&pf_rd_i=navbar-4201&pf_rd_m=A1PA6795UKMFR9&pf_rd_r=0970ARRTQ3WMMCP978J2" alt="Shop Kindle"/>
</map>



<map name="nav_imgmap_nav-sa-mp3" id="nav_imgmap_nav-sa-mp3">
<area shape="rect" coords="1,1,500,471" href="/dp/B01BP8KHHG/ref=dmm_fo_0513_udo_a?pf_rd_p=949630067&pf_rd_s=nav-sa-mp3&pf_rd_t=4201&pf_rd_i=navbar-4201&pf_rd_m=A1PA6795UKMFR9&pf_rd_r=0970ARRTQ3WMMCP978J2" alt="PrimeMusic"/>
</map>



<map name="nav_imgmap_nav-sa-music-games-film-tv" id="nav_imgmap_nav-sa-music-games-film-tv">
<area shape="rect" coords="1,1,480,439" href="/autorip-cd-vinyl-kaufen-mp3-kostenlos/b/ref=nav_sap_au?ie=UTF8&node=2624847031&pf_rd_p=846865787&pf_rd_s=nav-sa-music-games-film-tv&pf_rd_t=4201&pf_rd_i=navbar-4201&pf_rd_m=A1PA6795UKMFR9&pf_rd_r=0970ARRTQ3WMMCP978J2" alt="Autorip"/>
</map>



<map name="nav_imgmap_nav-sa-sports-outdoors" id="nav_imgmap_nav-sa-sports-outdoors">
<area shape="rect" coords="2,1,512,480" href="/gp/b/ref=nav-sa-sports-em2016?ie=UTF8&node=1676138031&pf_rd_p=934430267&pf_rd_s=nav-sa-sports-outdoors&pf_rd_t=4201&pf_rd_i=navbar-4201&pf_rd_m=A1PA6795UKMFR9&pf_rd_r=0970ARRTQ3WMMCP978J2" alt="NYNY"/>
</map>



<map name="nav_imgmap_nav-sa-baby-kids-toys" id="nav_imgmap_nav-sa-baby-kids-toys">
<area shape="rect" coords="1,1,501,452" href="/b/ref=?_encoding=UTF8&node=8986738031&pf_rd_p=871123847&pf_rd_s=nav-sa-baby-kids-toys&pf_rd_t=4201&pf_rd_i=navbar-4201&pf_rd_m=A1PA6795UKMFR9&pf_rd_r=0970ARRTQ3WMMCP978J2" alt=""/>
</map>



<map name="nav_imgmap_nav-sa-electronics-computers" id="nav_imgmap_nav-sa-electronics-computers">
<area shape="rect" coords="10,10,468,472" href="/s/ref=nav-sa-ce_186662847?_encoding=UTF8&rh=n%3A4539578031%2Ci%3Aelectronics&pf_rd_p=855538827&pf_rd_s=nav-sa-electronics-computers&pf_rd_t=4201&pf_rd_i=navbar-4201&pf_rd_m=A1PA6795UKMFR9&pf_rd_r=0970ARRTQ3WMMCP978J2" alt="UHD TVs"/>
</map>




<script type="text/javascript"><!--

window.$Nav && $Nav.declare("config.navDeviceType", "desktop");

window.$Nav && $Nav.when("data").run(function(data) { data({"emptyWishlist":{"template":{"name":"flyoutError","data":{"error":{"button":{"text":"Mein Wunschzettel","url":"/gp/registry/wishlist/ref=nav_err_empty_wishlist/277-7281789-8489225"},"title":" ","paragraph":"Ihre Liste ist leer"}}}},"yourAccountContent":{"template":{"name":"flyoutError","data":{"error":{"button":{"text":"Mein Konto","url":"/gp/css/homepage.html/ref=nav_err_youraccount/277-7281789-8489225"},"title":" ","paragraph":"Leider können die Kategorien vorübergehend nicht aufgerufen werden."}}}},"errorWishlist":{"template":{"name":"flyoutError","data":{"error":{"button":{"text":"Mein Wunschzettel","url":"/gp/registry/wishlist/ref=nav_err_wishlist/277-7281789-8489225"},"title":" ","paragraph":"Leider können die Kategorien vorübergehend nicht aufgerufen werden."}}}},"ewcTimeout":{"template":{"name":"flyoutError","data":{"error":{"button":{"text":"Mein Einkaufswagen","url":"/gp/cart/view.html/ref=nav_err_ewc_timeout/277-7281789-8489225"},"title":" ","paragraph":"Es gibt ein Problem Abrufen Einkaufswagen jetzt"}}}},"cartTimeout":{"template":{"name":"flyoutError","data":{"error":{"button":{"text":"Mein Einkaufswagen","url":"/gp/cart/view.html/ref=nav_err_cart_timeout/277-7281789-8489225"},"title":" ","paragraph":"Es gibt ein Problem Abrufen Einkaufswagen jetzt"}}}},"kindleTimeout":{"template":{"name":"flyoutError","data":{"error":{"paragraph":"Leider können die Kategorien vorübergehend nicht aufgerufen werden."}}}},"shopAllTimeout":{"template":{"name":"flyoutError","data":{"error":{"paragraph":"Leider können die Kategorien vorübergehend nicht aufgerufen werden."}}}},"primeTimeout":{"template":{"name":"flyoutError","data":{"error":{"title":"<a href='/gp/prime'><img src='https://images-na.ssl-images-amazon.com/images/G/03/prime/yourprime/yourprime-widget-piv-fallback._V309896279_.jpg' /></a>"}}}}}); });

  window.$Nav && $Nav.when("util.templates").run("FlyoutErrorTemplate", function (templates) {
    templates.add("flyoutError", "<# if(error.title) { #><span class='nav-title'><#=error.title #></span><# } #><# if(error.paragraph) { #><p class='nav-paragraph'><#=error.paragraph #></p><# } #><# if(error.button) { #><a href='<#=error.button.url #>' class='nav-action-button' ><span class='nav-action-inner'><#=error.button.text #></span></a><# } #>");
  });



window.$Nav && $Nav.declare('config.navDebugHighres', false);


window.$Nav && $Nav.declare('config.upnavHighResImgInfo',
  {"upnav2xImageHeight":"","upnav2xImagePath":""});

window.$Nav && $Nav.declare('config.upnav2xAiryPreloadImgInfo',
  {"preloadImgPath":"","preloadImgHeight":""});

window.$Nav && $Nav.declare('config.upnav2xAiryPostSlateImgInfo',
  {"postslateImgHeight":"","postslateImgPath":""});

window.$Nav && $Nav.declare('config.pageType', 'Detail');
window.$Nav && $Nav.declare('config.subPageType', 'Glance');

window.$Nav && $Nav.declare('config.dynamicMenuUrl', '/gp/navigation/ajax/dynamic-menu.html/277-7281789-8489225');

window.$Nav && $Nav.declare('config.dismissNotificationUrl',
  '/gp/navigation/ajax/dismissnotification.html/277-7281789-8489225');

window.$Nav && $Nav.declare('config.enableDynamicMenus', true);

window.$Nav && $Nav.declare('config.isInternal', false);

window.$Nav && $Nav.declare('config.isRecognized', false);

window.$Nav && $Nav.declare('config.transientFlyoutTrigger', '#nav-transient-flyout-trigger');

window.$Nav && $Nav.declare('config.subnavFlyoutUrl',
  '/gp/navigation/ajax/subnav-flyout/277-7281789-8489225');

window.$Nav && $Nav.declare('config.recordEvUrl',
  '/gp/navigation/ajax/recordevent.html/277-7281789-8489225');
window.$Nav && $Nav.declare('config.recordEvInterval', 15000);
window.$Nav && $Nav.declare('config.sessionId', '277-7281789-8489225');
window.$Nav && $Nav.declare('config.requestId', '0K8TTEBZSQ1S50KDN22N');

window.$Nav && $Nav.declare('config.alexaListEnabled', false);

window.$Nav && $Nav.declare('config.readyOnATF', false);

window.$Nav && $Nav.declare('config.dynamicMenuArgs',
  {"rid":"0K8TTEBZSQ1S50KDN22N","isPrime":0,"weblabs":"","customerId":0,"sessionId":"277-7281789-8489225","marketplaceId":"A1PA6795UKMFR9","dynamicRequest":1,"primeMenuWidth":310,"isFreshRegionAndCustomer":""});

window.$Nav && $Nav.declare('config.signOutText',
  null);

window.$Nav && $Nav.declare('config.customerName',
  false);

window.$Nav && $Nav.declare('config.yourAccountPrimeURL',
  null);

window.$Nav && $Nav.declare('config.yourAccountPrimeHover',
  true);

window.$Nav && $Nav.declare('config.primeEventLoggingEnabled', true);

window.$Nav && $Nav.declare('config.primeFlyoutProfilingUrl',
    '/gp/prime/navigation/record-prime-menu-event.html/277-7281789-8489225?ie=UTF8&rid=0K8TTEBZSQ1S50KDN22N');

window.$Nav && $Nav.declare('config.searchBackState',
  {});















    if (typeof uet == 'function') {
      uet('bb', 'iss-init-pc', {wb: 1});
    }

    if (!window.$SearchJS && window.$Nav) {
      window.$SearchJS = $Nav.make('sx');
    }

  
  var opts = {
      host: "completion.amazon.co.uk/search/complete"
    , marketId: "4"
    , obfuscatedMarketId: "A1PA6795UKMFR9"
    , searchAliases: ["aps", "stripbooks", "popular", "clothing", "dvd", "instant-video", "prime-instant-video", "shop-instant-video", "dvd-bypost", "electronics", "sports", "videogames", "toys", "jewelry", "watches", "drugstore", "baby", "software", "magazines", "vhs", "automotive", "english-books", "pantry", "photo", "computer", "kitchen", "luggage", "beauty", "outdoor", "diy", "classical", "shoes", "music-song", "mp3-downloads", "prime-digital-music", "digital-music", "digital-music-track", "digital-music-album", "digital-text", "lighting", "office-products", "outlet", "apparel-outlet", "shoes-outlet", "watches-outlet", "jewelry-outlet", "sports-outlet", "grocery", "computers", "pets", "mi", "videogames-tradein", "appliances", "gift-cards", "mobile-apps", "tradein-aps", "audiobooks", "warehouse-deals", "luxury-beauty", "banjo-apps", "industrial", "alcohol"]
    , filterAliases: []
    , isDoCtw: 1
    , pageType: "Detail"
    , requestId: "0K8TTEBZSQ1S50KDN22N"
    , keydownTriggeredWeblabs: []
    , displayTriggeredWeblabs: [      function(data) {
        return data && data.fastlabs ? data.fastlabs : undefined;
      }
]
    , isDdInT3: 0
    , isDdInT1: 0
    , isJpOrCn: 0
    , isUseAuiIss: 1
  };

  var issOpts = {
      fallbackFlag: 1
    , isDigitalFeaturesEnabled: 0
    , isWayfindingEnabled: 0
    , issPrimeEligible: ["prime-digital-music"]
    , dropdown: "select.searchSelect"
    , departmentText: "in {department}"
    , suggestionText: "Suchvorschläge"
    , isTriggerIssOnClick: 0
    , np: 0
    , issCorpus: []
    , cf: 1
  };
  

  if (opts.isUseAuiIss === 1 && window.$Nav) {
    window.$Nav.when('sx.iss').run('iss-mason-init', function(iss){
      var issInitObj = buildIssInitObject(opts, issOpts, true);
      new iss.IssParentCoordinator(issInitObj);

      tryInitClientTriggeredWeblabs(issInitObj);
    });
  } else if (window.$SearchJS) {
    
    var iss;

    // BEGIN Deprecated globals
    var issHost = opts.host
      , issMktid = opts.marketId
      , issSearchAliases = opts.searchAliases
      , updateISSCompletion = function() { iss.updateAutoCompletion(); };
    // END deprecated globals

    
    
    
    $SearchJS.when('jQuery', 'search-js-autocomplete-lib').run('autocomplete-init', initializeAutocomplete);
    $SearchJS.when('canCreateAutocomplete').run('createAutocomplete', createAutocomplete);

    
    if (opts.isDdInT3) {
      $SearchJS.when('search-js-autocomplete').run('autocomplete-dd-init', function(){ mergeBTFDropdown(); });
    }

    if (opts.isDdInT1) {
      $SearchJS.when('search-js-autocomplete').run('autocomplete-dd-init', function(){ searchDropdown(); });
    }

  } // END conditional for window.$SearchJS

  
  
  function initializeAutocomplete(jQuery) {
    
    var issInitObj = buildIssInitObject(opts, issOpts);

    tryInitClientTriggeredWeblabs(issInitObj);
  } // END initializeAutocomplete

  
  
  function tryInitClientTriggeredWeblabs(issInitObj) {
    
    if (opts.isDoCtw) {
      $SearchJS.importEvent('search-csl');
      $SearchJS.when('search-csl').run('autocomplete-csl-init', function delegateToInitSearchCsl(searchCSL) { initSearchCsl( searchCSL, issInitObj ); } );
    } else {
      $SearchJS.declare('canCreateAutocomplete', issInitObj);
    }
  }

  
  
  function initSearchCsl(searchCSL, issInitObject) {
    searchCSL.init(opts.pageType, (window.ue && window.ue.rid) || opts.requestId);

    
    var keydownCtw = opts.keydownTriggeredWeblabs;
    var displayCtw = opts.displayTriggeredWeblabs;

    
    issInitObject.doCTWKeydown = function(e) {
        for (var i = 0; i < keydownCtw.length; i++) {
          searchCSL.addWlt(keydownCtw[i].call ? keydownCtw[i](e) : keydownCtw[i]);
        }
      };

    issInitObject.doCTWDisplay = function(data) {
        for (var i = 0; i < displayCtw.length; i++) {
          searchCSL.addWlt(displayCtw[i].call ? displayCtw[i](data) : displayCtw[i]);
        }
      };

    $SearchJS.declare('canCreateAutocomplete', issInitObject);
  } // END initSearchCsl

  
  
  function createAutocomplete(issObject) {
    iss = new AutoComplete(issObject);

    $SearchJS.publish('search-js-autocomplete', iss);

    logMetrics();
  } // END createAutocomplete

  
  
  function buildIssInitObject(opts, issOpts, isNewIss) {
    var issInitObj = {
        src: opts.host
      , mkt: opts.marketId
      , obfMkt: opts.obfuscatedMarketId
      , aliases: opts.searchAliases
      , fb: issOpts.fallbackFlag
      , isDigitalFeaturesEnabled: issOpts.isDigitalFeaturesEnabled
      , isWayfindingEnabled: issOpts.isWayfindingEnabled
      , issPrimeEligible: issOpts.issPrimeEligible
      , deptText: issOpts.departmentText
      , sugText: issOpts.suggestionText
      , filterAliases: opts.filterAliases
      , cf: issOpts.cf
      , ime: opts.isJpOrCn
      , mktid: opts.marketId
      , qs: opts.isJpOrCn
      , issCorpus: issOpts.issCorpus
      , deepNodeISS: {
          searchAliasAccessor: function($) {
            return (window.SearchPageAccess && window.SearchPageAccess.searchAlias()) ||
                   $('select.searchSelect').children().attr('data-root-alias');
          },
          searchAliasDisplayNameAccessor: function() {
            return (window.SearchPageAccess && window.SearchPageAccess.searchAliasDisplayName());
          }
        }
    };

    // If we aren't using the new ISS then we need to add these properties
    if (!isNewIss) {
      issInitObj.dd = issOpts.dropdown; // The element with id searchDropdownBox doesn't exist in C.
      issInitObj.imeSpacing = issOpts.imeSpacing;
      issInitObj.isNavInline = 1;
      issInitObj.triggerISSOnClick = 0;
      issInitObj.sc = 1;
      issInitObj.np = issOpts.np;
    }

    return issInitObj;
  } // END buildIssInitObject

  
  function logMetrics() {
    if (typeof uet == 'function' && typeof uex == 'function' ) {
      uet('be', 'iss-init-pc', {wb: 1});
      uex('ld', 'iss-init-pc', {wb: 1});
    }
  } // END logMetrics


    window.$Nav && $Nav.declare('nav.inline');

(function (i) {
i.onload = function() {window.uet && uet('ne')};
i.src = window._navbarSpriteUrl;
}(new Image()));

window.$Nav && $Nav.declare('config.autoFocus', false);


window.$Nav && $Nav.declare('config.responsiveTouchAgents', ["ieTouch"]);

window.$Nav && $Nav.declare('config.responsiveGW',false);

window.$Nav && $Nav.declare('config.pageHideEnabled',false);

window.$Nav && $Nav.declare('config.sslTriggerType','');
window.$Nav && $Nav.declare('config.sslTriggerRetry',0);

window.$Nav && $Nav.declare('config.doubleCart',false);


window.$Nav && $Nav.declare('config.fixedBarBeacon',false);

window.$Nav && $Nav.declare('config.signInOverride', true);

window.$Nav && $Nav.declare('config.signInTooltip',true);

window.$Nav && $Nav.declare('config.isPrimeMember',false);

window.$Nav && $Nav.declare('config.fullWidthCoreFlyout', false);

window.$Nav && $Nav.declare('config.isFwfReorderColumnsEnabled', false);

window.$Nav && $Nav.declare('config.flyoutAnimation', false);

window.$Nav && $Nav.declare('config.disableBuyItAgain', false );

window.$Nav && $Nav.declare('config.campusActivation', '');

window.$Nav && $Nav.declare('config.fullWidthPrime', false);


window.$Nav && $Nav.declare('config.primeTooltip',{url:'/gp/prime/digital-adoption/navigation-bar/277-7281789-8489225'});

window.$Nav && $Nav.declare('config.carnac',false);

window.$Nav && $Nav.declare('config.csYourAccount',false);

window.$Nav && $Nav.declare('config.cartFlyoutDisabled', true);

window.$Nav && $Nav.declare('config.navfresh', false);



window.$Nav && $Nav.declare('config.ewc', false);if (window.ue && ue.tag) { ue.tag('noewc'); }

if (window.ue && ue.tag) { ue.tag('navbar'); };

window.$Nav && $Nav.declare('config.blackbelt', true);
window.$Nav && $Nav.declare('config.beaconbelt', true);

window.$Nav && $Nav.declare('config.beaconbeltCover', false);

window.$Nav && $Nav.declare('config.pinnedNav',false);

window.$Nav && $Nav.declare('config.pinnedNavWithEWC',false);

window.$Nav && $Nav.declare('config.pinnedNavStart',700);

window.$Nav && $Nav.declare('config.pinnedNavMinWidth',1000);
window.$Nav && $Nav.declare('config.pinnedNavMinHeight',false);

window.$Nav && $Nav.declare('config.iPadTablet', false);


window.$Nav && $Nav.declare('config.searchapiEndpoint',false);

window.$Nav && $Nav.declare('config.timeline', false);

window.$Nav && $Nav.declare('config.timelineOptimization', false);

window.$Nav && $Nav.declare('config.timelineAsinEnabled', false);

window.$Nav && $Nav.declare('config.timelineDeleteEnabled',false);


    window._navbar = window._navbar || {};
    window._navbar.browsepromos = window._navbar.browsepromos || {};
    
 _navbar.browsepromos['nav-sa-android'] = {"width":519,"promoType":"wide","vertOffset":"-10","tabletAltText":null,"horizOffset":"-20","height":479,"image":"http://g-ecx.images-amazon.com/images/G/03/mas/retail/gateway/flyout/flyout_de_499x469-3267-UG._CB285629139_.png","tabletDestination":null,"tabletImage":null}; 
 _navbar.browsepromos['nav-sa-apparel-shoes-watches'] = {"width":573,"promoType":"wide","vertOffset":"-10","tabletAltText":null,"horizOffset":"-50","height":482,"image":"http://g-ecx.images-amazon.com/images/G/03/AMAZON-FASHION/2016/FASHION/CONTENT/MERCH/MAY/1_HOLIDAY_LIST/MERCH/FLYOUT_DE._CB273681773_.png","tabletDestination":null,"tabletImage":null}; 
 _navbar.browsepromos['nav-sa-auto-bike'] = {"width":540,"promoType":"wide","vertOffset":"-42","tabletAltText":null,"horizOffset":"-36","height":546,"image":"http://g-ecx.images-amazon.com/images/G/03/Automotive/Fly-outs/de_auto_29-04-2016_mayflyout_flyout._CB273774813_.png","tabletDestination":null,"tabletImage":null}; 
 _navbar.browsepromos['nav-sa-books'] = {"width":511,"promoType":"wide","vertOffset":"-25","tabletAltText":null,"horizOffset":"-22","height":477,"image":"http://g-ecx.images-amazon.com/images/G/03/books/flyout/DE_books_Flyout_Foreign_12-5-2016_flyout._CB273073711_.png","tabletDestination":null,"tabletImage":null}; 
 _navbar.browsepromos['nav-sa-cloud-drive'] = {"width":495,"promoType":"wide","vertOffset":"0","tabletAltText":null,"horizOffset":"0","height":427,"image":"http://g-ecx.images-amazon.com/images/G/03/digital/adrive/images/gno/de_cd_filler14_flyout_7._CB349057138_.png","tabletDestination":null,"tabletImage":null}; 
 _navbar.browsepromos['nav-sa-fire-tv'] = {"width":540,"promoType":"wide","vertOffset":"-40","tabletAltText":null,"horizOffset":"-30","height":523,"image":"http://g-ecx.images-amazon.com/images/G/03/kindle/merch/gno/2015/montoya_evergreen_upd2-gno-d-de-540x523._CB291896273_.png","tabletDestination":null,"tabletImage":null}; 
 _navbar.browsepromos['nav-sa-food-beverages-health-beauty'] = {"width":540,"promoType":"wide","vertOffset":"-39","tabletAltText":null,"horizOffset":"-30","height":523,"image":"http://g-ecx.images-amazon.com/images/G/03/hpc/pca/evergreen/43634_DE_PCA_Evergreen_Flyout_4._CB272886273_.png","tabletDestination":null,"tabletImage":null}; 
 _navbar.browsepromos['nav-sa-home-garden-tools'] = {"width":509,"promoType":"wide","vertOffset":"-10","tabletAltText":null,"horizOffset":"-20","height":420,"image":"http://g-ecx.images-amazon.com/images/G/03/kitchen/weisseware/weisseware2016/Samsung/DE_MDA_Samsung-Addwash-Phase-II_2016-04-04_DT-Flyout-DE_489x410_r03._CB275278170_.png","tabletDestination":null,"tabletImage":null}; 
 _navbar.browsepromos['nav-sa-industrial'] = {"width":500,"promoType":"wide","vertOffset":"-10","tabletAltText":null,"horizOffset":"-20","height":472,"image":"http://g-ecx.images-amazon.com/images/G/03/BISS/IMAGES/FLYOUT/DE_BISS_10-08-15_Labware_Flyout._CB293294559_.png","tabletDestination":null,"tabletImage":null}; 
 _navbar.browsepromos['nav-sa-instant-video'] = {"width":521,"promoType":"wide","vertOffset":"-21","tabletAltText":null,"horizOffset":"-21","height":490,"image":"http://g-ecx.images-amazon.com/images/G/03/digital/video/AIV/GNO/BOSCH_S2_DE_Merch_GNOFlyOut_521x490._CB294230803_.png","tabletDestination":null,"tabletImage":null}; 
 _navbar.browsepromos['nav-sa-kindle-fire-tablet'] = {"width":540,"promoType":"wide","vertOffset":"-40","tabletAltText":null,"horizOffset":"-40","height":523,"image":"http://g-ecx.images-amazon.com/images/G/03/kindle/merch/gno/2016/ford-gno-d-2-de-540x523._CB271629969_.png","tabletDestination":null,"tabletImage":null}; 
 _navbar.browsepromos['nav-sa-kindle-reader'] = {"width":540,"promoType":"wide","vertOffset":"-40","tabletAltText":null,"horizOffset":"-40","height":523,"image":"http://g-ecx.images-amazon.com/images/G/03/kindle/merch/gno/2015/km_upd_02-flyout_gno-d-de._CB274033821_.png","tabletDestination":null,"tabletImage":null}; 
 _navbar.browsepromos['nav-sa-mp3'] = {"width":538,"promoType":"wide","vertOffset":"-40,5","tabletAltText":null,"horizOffset":"-39,5","height":508,"image":"http://g-ecx.images-amazon.com/images/G/03/DE-digital-music/knight/newrelease/nonstandard/020516_UdoLindenberg/DE_DM_tt0078755716_5058_GNO_Flyout_DE._CB273125418_.png","tabletDestination":null,"tabletImage":null}; 
 _navbar.browsepromos['nav-sa-music-games-film-tv'] = {"width":480,"promoType":"wide","vertOffset":"-10","tabletAltText":null,"horizOffset":"-8","height":426,"image":"http://g-ecx.images-amazon.com/images/G/03/music/autorip/final/DE_Music_AutoRip_02-03-2016_flyout._CB296020416_.png","tabletDestination":null,"tabletImage":null}; 
 _navbar.browsepromos['nav-sa-sports-outdoors'] = {"width":504,"promoType":"wide","vertOffset":"-12","tabletAltText":null,"horizOffset":"-14","height":481,"image":"http://g-ecx.images-amazon.com/images/G/03/sporting-goods/content/EM2016/41827_EU_Sport_Euro16_GNOFlyout_R1._CB273188713_.png","tabletDestination":null,"tabletImage":null}; 
 _navbar.browsepromos['nav-sa-baby-kids-toys'] = {"width":499,"promoType":"wide","vertOffset":"-10","tabletAltText":null,"horizOffset":"-20","height":449,"image":"http://g-ecx.images-amazon.com/images/G/03/baby/Blogger/placements/amends/DE_Baby_small-amend-Flyout_31-03-16_flyout._CB294419269_.png","tabletDestination":null,"tabletImage":null}; 
 _navbar.browsepromos['nav-sa-electronics-computers'] = {"width":511,"promoType":"wide","vertOffset":"-21","tabletAltText":null,"horizOffset":"-22","height":431,"image":"http://g-ecx.images-amazon.com/images/G/03/electronics/00_Flyout/DE_CE_Graphic-Adaption_8-9-2015_flyout._CB312258393_.png","tabletDestination":null,"tabletImage":null}; 


    window.$Nav && $Nav.declare('config.browsePromos', window._navbar.browsepromos);


window.$Nav && $Nav.declare('config.extendedFlyout', false);


window.$Nav && $Nav.declare('config.orderNotificationEnabled', false);

window.$Nav && $Nav.declare('configComplete');

--></script>




<!--Tilu -->


<!-- EndNav -->

<div id="detail-ilm_div">
</div>


<div id="lpo-top-stripe_div">
</div>


<div id="cp-merchandising-widget_div">
</div>


<div id="rw-swatch-image_div">
</div>


<div id="showing-breadcrumbs_div">













<div id="wayfinding-breadcrumbs_container" class="a-section a-spacing-none a-padding-medium">
<div id="wayfinding-breadcrumbs_feature_div" class="a-subheader a-breadcrumb feature" data-feature-name="wayfinding-breadcrumbs">
    <ul class="a-horizontal a-size-small">
         <li><span class="a-list-item">
            <a class="a-link-normal a-color-tertiary" href="/Lebensmittel-Getr%C3%A4nke/b/ref=dp_bc_1/277-7281789-8489225?ie=UTF8&node=340846031">
                Lebensmittel & Getränke
            </a>
         </span></li>
         <li class="a-breadcrumb-divider"><span class="a-list-item a-color-tertiary">
             &rsaquo;
         </span></li>
         <li><span class="a-list-item">
            <a class="a-link-normal a-color-tertiary" href="/Babynahrung-Kindermilch-Beikost/b/ref=dp_bc_2/277-7281789-8489225?ie=UTF8&node=358555031">
                Babynahrung
            </a>
         </span></li>
         <li class="a-breadcrumb-divider"><span class="a-list-item a-color-tertiary">
             &rsaquo;
         </span></li>
         <li><span class="a-list-item">
            <a class="a-link-normal a-color-tertiary" href="/Milchnahrung-Babys/b/ref=dp_bc_3/277-7281789-8489225?ie=UTF8&node=364603031">
                Milchnahrung
            </a>
         </span></li>
         <li class="a-breadcrumb-divider"><span class="a-list-item a-color-tertiary">
             &rsaquo;
         </span></li>
         <li><span class="a-list-item">
             <a class="a-link-normal a-color-tertiary" href="/Kindermilch/b/ref=dp_bc_4/277-7281789-8489225?ie=UTF8&node=1386609031">
                 Kindermilch
             </a>
         </span></li>
    </ul>
</div>
</div>













</div>


<div id="rw-preload-landing-image_div">
<div id="rwImages_hidden" style="display:none;">
<img src="http://ecx.images-amazon.com/images/I/51Lfv-i-z6L._SY300_QL70_.jpg" style="display:none;"/>
</div>
</div>

<script type="text/javascript"> 
(typeof setCSMReq === 'function') && setCSMReq("x1");

                if(typeof uet === 'function'){uet('bb', 'udpV3atfwait', {wb: 1});};
</script>


        <div class="a-container" role="main">
            
<script type="text/javascript">    if(typeof uet === 'function'){uet('be', 'udpV3atfwait', {wb: 1});};
                if(typeof uex === 'function'){uex('ld', 'udpV3atfwait', {wb: 1});};
</script>





    
































































































































    
        

















  
    
    




<style type="text/css">
    #leftCol {
        width:32.5%;
    }

    .centerColAlign{
        margin-left:34.0%;
    }
</style>




    
     
     
    









    <div id="instantOrderUpdate_feature_div" class="feature" data-feature-name="instantOrderUpdate">




    

    
    
    
        
            
                
	                
	                
	                	




 

	                
                
            
        
        
        
        
        
        
    
    
    

    















    </div>





    
    

    
     
     
    









    <div id="companyCompliancePolicies_feature_div" class="feature" data-feature-name="companyCompliancePolicies">




    

    
    
    
        
            
                
	                
	                
	                	




    


	                
                
            
        
        
        
        
        
        
    
    
    

    















    </div>





    
    
 
<div id="rightCol" class="rightCol">
    
        
        
        
        









    <div id="tellAFriendBox_feature_div" class="feature" data-feature-name="tellAFriendBox">




    

    
    
    
        
            
                
	                
	                
	                	



 





    


<div id="tell-a-friend" data-close="Schließen" data-dest data-title="Diese Artikel empfehlen" class="a-section a-text-center a-spacing-small">
    
    
        
        	
        	
            




<a id="swfMailTo" class="a-link-normal email" title="Per E-Mail teilen" href="mailto:?body=Ich%20m%C3%B6chte%20Dir%20diesen%20Artikel%20bei%20Amazon.de%20empfehlen%0A%0AAptamil%20Kindermilch%201%2B%20ab%201%20Jahr%2C%204er%20Pack%20(4%20x%20600%20g)%0Avon%20Amazon.de%0AWeitere%20Informationen%3A%20http%3A%2F%2Fwww.amazon.de%2Fdp%2FB00BSNACII%2Fref%3Dcm_sw_em_r_mt_dp_syarxb08TBS15&subject=Ich%20m%C3%B6chte%20Dir%20diesen%20Artikel%20bei%C2%A0Amazon.de%C2%A0empfehlen">Empfehlen</a><span class="a-letter-space"></span>
<a id="swfImageMailTo" class="a-link-normal email" title="Per E-Mail teilen" href="mailto:?body=Ich%20m%C3%B6chte%20Dir%20diesen%20Artikel%20bei%20Amazon.de%20empfehlen%0A%0AAptamil%20Kindermilch%201%2B%20ab%201%20Jahr%2C%204er%20Pack%20(4%20x%20600%20g)%0Avon%20Amazon.de%0AWeitere%20Informationen%3A%20http%3A%2F%2Fwww.amazon.de%2Fdp%2FB00BSNACII%2Fref%3Dcm_sw_em_r_mt_dp_syarxb08TBS15&subject=Ich%20m%C3%B6chte%20Dir%20diesen%20Artikel%20bei%C2%A0Amazon.de%C2%A0empfehlen"><i class="a-icon a-icon-share-email"></i></a><span class="a-letter-space"></span>

<script type="text/javascript">
P.when('A','ready').execute(function(A){
    var $ = A.$;
    function collectMetrics( placementId ) {
        A.ajax('/gp/aw/social/swf/metrics.html/ref=cm_sw_em_mt_dp_'+ placementId, {
            method: 'post',
            params: {
                id: 'mailtoDp',
                result: 'mailto share triggered'
            }
        });
    }
    $('#swfMailTo,#swfImage').click( function(){
            collectMetrics('dp_syarxb08TBS15');
    });
});
</script>
        
        
    
    
        
        
            
            
	        <a id="facebook" data-height="400" class="a-link-normal" target="_blank" title="Facebook" href="/gp/redirect.html/ref=cm_sw_cl_fa_dp_syarxb08TBS15?_encoding=UTF8&amp;location=http%3A%2F%2Fwww.facebook.com%2Fshare.php%3Fu%3Dhttp%253A%252F%252Fwww.amazon.de%252Fdp%252FB00BSNACII%252Fref%253Dcm_sw_r_fa_dp_syarxb08TBS15&amp;token=6BD0FB927CC51E76FF446584B1040F70EA7E88E1"><i class="a-icon a-icon-share-facebook" aria-label="Facebook"><span class="a-icon-alt">Facebook</span></i></a><span class="a-letter-space"></span>
        
    
        
        
            
            
	        <a id="twitter" data-height="400" class="a-link-normal" target="_blank" title="Twitter" href="/gp/redirect.html/ref=cm_sw_cl_tw_dp_syarxb08TBS15?_encoding=UTF8&amp;location=http%3A%2F%2Ftwitter.com%2Fintent%2Ftweet%3Foriginal_referer%3Dhttp%25253A%25252F%25252Fwww.amazon.de%25252Fgp%25252Fproduct%25252FB00BSNACII%25252Fref%25253Dcm_sw_r_tw_dp_syarxb08TBS15%26text%3DAptamil%2520Kindermilch%25201%252B%2520ab%25201%2520Jahr%252C%25204er%2520Pack%2520(4%2520x%2520600%2520g)%2520Aptamil%26related%3Damazondeals%252Camazonmp3%26url%3Dhttp%253A%252F%252Fwww.amazon.de%252Fdp%252FB00BSNACII%252Fref%253Dcm_sw_r_tw_dp_syarxb08TBS15%26via%3Damazon&amp;token=7A1A4AE8F6CE0BD277D8295E58702D283F329C0F"><i class="a-icon a-icon-share-twitter" aria-label="Twitter"><span class="a-icon-alt">Twitter</span></i></a><span class="a-letter-space"></span>
        
    
        
        
            
            
	        <a id="pinterest" data-height="570" class="a-link-normal" target="_blank" title="Pinterest" href="/gp/redirect.html/ref=cm_sw_cl_pi_dp_syarxb08TBS15?_encoding=UTF8&amp;location=http%3A%2F%2Fpinterest.com%2Fpin%2Fcreate%2Fbutton%3Furl%3Dhttp%253A%252F%252Fwww.amazon.de%252Fdp%252FB00BSNACII%252Fref%253Dcm_sw_r_pi_dp_syarxb08TBS15%26title%3DAptamil%2520Kindermilch%25201%252B%2520ab%25201%2520Jahr%252C%25204er%2520Pack%2520(4%2520x%2520600%2520g)%2520Ap...%26description%3DAptamil%2520Kindermilch%25201%252B%2520ab%25201%2520Jahr%252C%25204er%2520Pack%2520(4%2520x%2520600%2520g)%2520Ap...%2520http%253A%252F%252Fwww.amazon.de%252Fdp%252FB00BSNACII%252Fref%253Dcm_sw_r_pi_dp_syarxb08TBS15%26media%3Dhttp%253A%252F%252Fecx.images-amazon.com%252Fimages%252FI%252F51Lfv-i-z6L.jpg&amp;token=9F58B366258E1A8B5259E9BEF3482E02341F42D3"><i class="a-icon a-icon-share-pinterest" aria-label="Pinterest"><span class="a-icon-alt">Pinterest</span></i></a><span class="a-letter-space"></span>
        
    
    
     

</div>

<script type="text/javascript">
P.when("A","jQuery").execute(function(A,$) {
  var taf = $("#tell-a-friend");
  taf.children("[data-height]").click(function() {
        var height = $(this).attr("data-height");
        window.open(this.href, "_blank", "location=yes,width=700,height=" + height);
        return false;
  });

  A.on.load(function () {
    var hashValue = window.location.hash;
    var hashIndex;
    var swfHashValue = "_swftext_Swf";
    hashIndex = hashValue.indexOf(swfHashValue);
    if (hashValue != "" &&  hashIndex > -1) {
      $("#swfText").click();
      window.location.hash = window.location.hash.replace(swfHashValue, "");
    }
 });
});

</script>


	                
                
            
        
        
        
        
        
        
    
    
    

    















    </div>





        
        
    
        
        
        
        






        
        
    
        
        
        
        






        
        
    
        
        
        
        






        
        
    
        
        
        
        






        
        
    
        
        
        
        






        
        
    
        
        
        
        









    <div id="buybox_feature_div" class="feature" data-feature-name="buybox">




    

    
    
    
        
            
                
	                
	                
	                	


















    
    
    





















<div id="buybox" data-isPartialSizeWeblab="false" class="a-section a-spacing-medium">
    
    
     

    
    

    
    

    
    

    
    

    
    
    
    
    
    
    
      <form method="post" id="addToCart" action="/gp/product/handle-buy-box/ref=dp_start-bbf_1_glance" class="a-content">
        <input type="hidden" id="session-id" name="session-id" value="277-7281789-8489225">
        <input type="hidden" id="ASIN" name="ASIN" value="B00BSNACII">
        <input type="hidden" id="offerListingID" name="offerListingID" value="UPD%2BqTfllelo04vv2N51I5nTmYETXUR0uvuHeuZf1Lo81CoBtWHYZKxUy5jz%2F7%2FzMcOfAsDNQ3oigaAxleFF5nDmoXyLU9PGr1CZPHjEU5s%3D">
        <input type="hidden" id="isMerchantExclusive" name="isMerchantExclusive" value="1">
        <input type="hidden" id="merchantID" name="merchantID" value="A3JWKAKR8XB7XF">
        <input type="hidden" id="isAddon" name="isAddon" value="0">
        <input type="hidden" id="nodeID" name="nodeID" value="340846031">
        <input type="hidden" id="sellingCustomerID" name="sellingCustomerID" value="A3JWKAKR8XB7XF">
        <input type="hidden" id="qid" name="qid" value="">
        <input type="hidden" id="sr" name="sr" value="">
        <input type="hidden" id="storeID" name="storeID" value="grocery">
        <input type="hidden" id="tagActionCode" name="tagActionCode" value="340846031">
        <input type="hidden" id="viewID" name="viewID" value="glance">
        




        
        
            
            






        

        
        

        
        

        
        <input type="hidden" id="rsid" name="rsid" value="277-7281789-8489225">
        <input type="hidden" id="sourceCustomerOrgListID" name="sourceCustomerOrgListID" value="">
        <input type="hidden" id="sourceCustomerOrgListItemID" name="sourceCustomerOrgListItemID" value="">
        <input type="hidden" name="wlPopCommand" value="">
        
        

        
        
        

        
        

        
            
            

                
            

            
            

            
            

            
            

            
            

            
            

            
            
                

                    
                    

                    

                    

                    
                    

                    
                    

                    
                    
                        
                            
                            
                                    <div class="a-box"><div class="a-box-inner a-padding-base">
                                        

















    


<div class="a-section a-spacing-none a-padding-none">

    
        



    

    
    
    
    
        
        



    
        
        
        
            



<style type="text/css">
#bbop-sbbop-container {
  margin-bottom: 0px;
}
</style>


<div id="bbop-sbbop-container" class="a-section">
    
        
        <div id="sbbop-popover-header" class="a-section a-hidden">
            <div class="a-box a-alert-inline a-alert-inline-success">
                <div class="a-box-inner a-alert-container">
                    <i class="a-icon a-icon-alert"></i>
                    <div class="a-color-base">
                        Aptamil+Kindermilch+1++ab...
                        <product name> ist in Ihrem Einkaufwagen hinzugefügt worden 
                    </div>
                </div>
            </div>
        </div>
    
</div>

<script type="text/javascript">


if( window.P ){
    P.when("A").execute(function(A) {

        
        if (window.sbbopLoaded === undefined) {
            window.sbbopLoaded = false;
        }
        

        function getQueryParameterByName(name) {
            name = name.replace(/[\[]/, "\\[").replace(/[\]]/, "\\]");

            var regex = new RegExp("[\\?&]" + name + "=([^&#]*)"),
                results = regex.exec(location.search);

            return results == null ? "" : decodeURIComponent(results[1].replace(/\+/g, " "));
        }

        
        var hidden, visibilityChange;
        if (typeof document.hidden !== "undefined") { 
            hidden = "hidden";
            visibilityChange = "visibilitychange";
        } else if (typeof document.mozHidden !== "undefined") {
            hidden = "mozHidden";
            visibilityChange = "mozvisibilitychange";
        } else if (typeof document.msHidden !== "undefined") {
            hidden = "msHidden";
            visibilityChange = "msvisibilitychange";
        } else if (typeof document.webkitHidden !== "undefined") {
            hidden = "webkitHidden";
            visibilityChange = "webkitvisibilitychange";
        }

        
        var loadFeatures = function() {
            

            
            var $ = A.$,
                $container = $("#bbop-sbbop-container");

            var data = {
                "ASIN" : "B00BSNACII",
                "merchantID" : "A3JWKAKR8XB7XF",
                "bbopruleID" : "Mom_AddToCart_PrimeMomFreeTrialUpsellEligible",
                "sbbopruleID" : "Mom_AddToCart_PrimeMomFreeTrialUpsellEligible",
                "deliveryOptions" : "[premium-de,std-de-dom-dp]",
                "preorder" : "false",
                "releaseDateDeliveryEligible" : "false"
            };

            
            $.get("/gp/product/du/bbop-ms3-ajax-endpoint.html", data, function(result) {
                
                    
                    
                        $container.append(result);
                    
                

                
                
                

                if (getQueryParameterByName("checkBBOP") === "true") {
                    P.when("a-modal", "ready").execute(function(modal) {
                      $('#bbop-check-box').click();
                    });
                }

                
                loadSBBOP();
                
            });

            
            var loadSBBOP = function(){
                P.when("a-modal", "ready").execute(function(modal) {
                    if(!window.sbbopLoaded){
                        var sbbop_modal = createModal(modal);

                        if (sbbop_modal !== undefined) {
                            $(document.body).delegate('#add-to-cart-button','click.sbbop', function(event){
                                $(document.body).undelegate('#add-to-cart-button','click.sbbop');

                                var $sbbop = $("#sbbop-container"),
                                    $sbbopContent = $sbbop.find("#sbbop-popover-content"),
                                    $sbbopHeader = $container.find("#sbbop-popover-header"),
                                    $sbbopFooter = $sbbop.find("#sbbop-popover-footer"),
                                    isAsinizationCase = $sbbop.find(".is-sbbop-asinization-usecase").length > 0,
                                    $bbopCheckbox = $('#bbop-check-box'),
                                    $atcButton = $('#add-to-cart-button'),
                                    atcName = $atcButton.attr("name"),
                                    hasSingleYesButton = ($('#sbbop-yes-button').length === 1),
                                    hasSingleNoButton  = ($('#sbbop-no-button').length === 1),
                                    validAtcButton = ($atcButton.length === 1 && atcName != "submit.add-to-cart-prime-buy-box.x"),
                                    validSbbopContent = ($sbbopContent.length === 1 && $sbbopHeader.length === 1 && $sbbopFooter.length === 1),
                                    validSbbopButtons = (hasSingleYesButton && hasSingleNoButton),
                                    bbopIsNotChecked = !$bbopCheckbox.is(":checked");

                                if (validAtcButton && validSbbopContent && validSbbopButtons && bbopIsNotChecked) {
                                    $atcButton.bind('click.sbbop', function(){return false;});  
                                    $(document.body).delegate("#sbbop-yes-button", "click", function(event){
                                        if(isAsinizationCase){
                                            $bbopCheckbox.prop("checked",true);
                                            logMetric("CSM_prime_surprise_BBOP_yes_button_HO");
                                        }
                                        else {
                                            $atcButton.attr("name", "submit.add-to-cart-prime-buy-box.x");
                                            logMetric("CSM_prime_surprise_BBOP_yes_button");
                                        }
                                        safeATCClick();
                                    });

                                    $(document.body).delegate("#sbbop-no-button", "click", function(event){
                                        if(isAsinizationCase) {
                                            logMetric("CSM_prime_surprise_BBOP_no_button_HO");
                                        }
                                        else {
                                            logMetric("CSM_prime_surprise_BBOP_no_button");
                                        }
                                        safeATCClick();
                                    });

                                    
                                    $(document.body).delegate(".a-popover", "keydown", function(event){
                                        if(event.keyCode == "27"){
                                            event.preventDefault();
                                        }
                                    });

                                    A.on("a:popover:ajaxFail:sbbop_modal", safeATCClick);
                                    A.on("a:popover:hide:sbbop_modal", function(){
                                        if(isAsinizationCase) {
                                            logMetric("CSM_prime_surprise_BBOP_close_button_HO");
                                        }
                                        else {
                                            logMetric("CSM_prime_surprise_BBOP_close_button");
                                        }
                                        safeATCClick();
                                    });
                                    A.on("a:popover:beforeShow:sbbop_modal", function(){
                                            setEventEmbu();
                                    });

                                    sbbop_modal.show();
                                    if(isAsinizationCase) {
                                        logMetric("CSM_prime_surprise_BBOP_presentation_HO");
                                    }
                                    else {
                                        logMetric("CSM_prime_surprise_BBOP_presentation");
                                    }
                                    return false;
                                } 
                            });
                        }
                        window.sbbopLoaded = true;
                    }
                });
            };

            var createModal = function(modal) {
                var $sbbop = $("#sbbop-container"),
                    $sbbopContent = $sbbop.find("#sbbop-popover-content"),
                    $sbbopHeader = $container.find("#sbbop-popover-header"),
                    $sbbopFooter = $sbbop.find("#sbbop-popover-footer");

                if($sbbopContent.length === 1 && $sbbopHeader.length === 1 && $sbbopFooter.length === 1){ 
                    sbbopWidth = parseInt(($sbbop.find("#sbbop-popover")).attr("popover-width"), 10);

                    return modal.create($sbbop, {
                        "inlineContent": $sbbopContent.html(),
                        "header": $sbbopHeader.html(),
                        "footer": $sbbopFooter.html(),
                        "width": sbbopWidth,
                        "activate": "onclick",
                        "name": "sbbop_modal"
                    });
                }
                return undefined;
            }

            var logMetric = function(customTag){
                if(window.ue && ue.tag) {
                    ue.tag(customTag, "surpriseBBOP")
                }
            };

            var postBackMetrics = function(){
                if (window.ue){
                    uex("ld", "surpriseBBOP");
                }
            };

            var setEventEmbu = function(){
                var eventData = { "eventCode" : "106" };
                $.get("/gp/prime/utility/record-embu-event.html", eventData);
            };

            var safeATCClick = function() {
                postBackMetrics();                                 
                $('#add-to-cart-button').unbind('click.sbbop')     
                    .click()                                       
                    .bind('click.sbbop',function(){return false}); 
            };
            
            
        }

        
        var handleVisibilityChange = function() {
            if (!document[hidden]) {
                
                document.removeEventListener(visibilityChange, handleVisibilityChange);
                loadFeatures();
            }
        }

        if (typeof document.addEventListener === "undefined" ||
            typeof document[hidden] === "undefined" || !document[hidden]) {
            
            loadFeatures();
        } else {
            
            document.addEventListener(visibilityChange, handleVisibilityChange);
        }
    });
}
</script>

        
    


    
    
    
    
         

            
    
    
    
    
    
    
        
            





        
    
    
    
    

    
    



	

    
    




    
        
        




    

    
    




    
    

    
    














    
    
    







<div class="a-button-stack">
    <span id="submit.add-to-cart" class="a-button a-spacing-small a-button-primary a-button-icon"><span class="a-button-inner"><i class="a-icon a-icon-cart"></i><input id="add-to-cart-button" name="submit.add-to-cart" title="In den Einkaufswagen" data-hover="Wählen Sie &lt;b&gt;__dims__&lt;/b&gt; auf der linken Seite&lt;br&gt; zum Hinzufügen zum Einkaufswagen" class="a-button-input" type="submit" value="In den Einkaufswagen" aria-labelledby="submit.add-to-cart-announce"><span id="submit.add-to-cart-announce" class="a-button-text" aria-hidden="true">In den Einkaufswagen</span></span></span>
</div>


     
    
    

    
    








    
    
        









<div id="OneClickBox" class="a-button-stack">
        
        
        
        
        
        
            <div id="oneClickSignIn" class="a-section a-spacing-mini a-text-center">
                



<hr class="a-divider-normal">

<a class='oneClickSignInLink' href='/gp/product/utility/edit-one-click-pref.html/ref=dp_oc_signin?ie=UTF8&amp;query=&amp;returnPath=%2Fgp%2Fproduct%2FB00BSNACII'>
    <span class="a-size-mini">1-Click-Bestellungen aktivieren</span>
</a>

                
                    
                    
                
            </div>
        
        
        
        
    
</div>

    

    
    
    
    
    
    
    
        

 

        <div id="unifiedLocation_feature_div" data-feature-name="unifiedLocation" data-template-name="unifiedLocation" class="a-section feature unifiedLocationMarginBottomClass">
              








    
    
    
        <script type="text/javascript">
            P.now("LOCUX_DETALPAGE_51079_T1").execute(function(LOCUX_DETALPAGE_51079_T1) {
                if (!LOCUX_DETALPAGE_51079_T1) {
                    P.declare("LOCUX_DETALPAGE_51079_T1", {});
                }
            });
        </script>
    
    
    

    
        
        
            










    <div class="a-section a-spacing-none">
        
            <hr class="a-divider-normal">
        
        <div class="a-section a-spacing-mini">
                <span class="a-text-bold">
                    Lieferort:
                </span>
            </div>
            
            <div class="a-section a-spacing-none">
                <span class="a-declarative" data-action="a-popover" data-a-popover="{&quot;closeButton&quot;:&quot;false&quot;,&quot;name&quot;:&quot;LUXAddressSelector&quot;,&quot;activate&quot;:&quot;onclick&quot;}">
                    <a href="javascript:void(0)" class="a-popover-trigger a-declarative">
                        <span class="a-color-base lux-location-label">
                            Wählen Sie eine Lieferadresse:
                        </span>
                    <i class="a-icon a-icon-popover"></i></a>
                </span>
            </div>
        
    

    
    
        
        

        <div class="a-popover-preload" id="a-popover-LUXAddressSelector">
            <!-- Section to show to unrecognized customers (instead of address selector) -->
            
                <div id="unifiedLocationTitleNoAddress" class="a-section a-spacing-small a-spacing-top-small a-text-center">
                    <span class="a-text-bold">
                        Um Adressen zu sehen, bitte
                    </span>
                    <br>
                    <span id="unifiedLocationSignIn" class="a-button a-spacing-top-base a-button-primary"><span class="a-button-inner"><input class="a-button-input" type="submit" aria-labelledby="unifiedLocationSignIn-announce"><span id="unifiedLocationSignIn-announce" class="a-button-text" aria-hidden="true">
                        Anmelden
                    </span></span></span>
                </div>
            
            <!-- Place holder for anchoring the address selector -->
            <div id="lux-address-selector-anchor" class="a-section a-spacing-none"></div>
            <div class="a-section a-spacing-none lux-address-selector-divider">
                
            </div>
            
                <div id="unifiedLocationAddrInputDiv" class="a-section a-spacing-none">
                    <div class="a-divider a-divider-break lux-zip-selector-divider"><h5>Oder</h5></div>
                    <label class="a-text-bold">
                        Diesen Ort verwenden:
                    </label>
                    <div class="a-row a-spacing-top-micro" role="form">
                        <div class="a-column a-span7" role="form">
                            
                            <input type="text" maxlength="5" id="unifiedLocationAddrInput" placeholder="Deutsche PLZ eingeben" class="a-input-text a-span12">
                        </div>
                        <div class="a-column a-span5 a-span-last" role="button">
                            <span id="unifiedLocationAddrUpdate" class="a-button a-button-span12"><span class="a-button-inner"><input class="a-button-input" type="submit" aria-labelledby="unifiedLocationAddrUpdate-announce"><span id="unifiedLocationAddrUpdate-announce" class="a-button-text" aria-hidden="true">
                                Aktualisieren
                            </span></span></span>
                        </div>
                    </div>
                    <div id="unifiedLocationInvalidInputAlert" class="a-row a-spacing-top-small aok-hidden">
                            <span class="a-color-error">
                                Bitte tragen Sie eine deutsche PLZ ein.
                            </span>
                    </div>
                    <div id="LUXInvalidZipCodeAlert" class="a-row a-spacing-top-small aok-hidden" role="alert">
                        <div class="a-box a-alert-inline a-alert-inline-error a-spacing-none"><div class="a-box-inner a-alert-container"><i class="a-icon a-icon-alert"></i><div class="a-alert-content">
                            Bitte tragen Sie eine deutsche PLZ ein.
                        </div></div></div>
                    </div>
                    <div id="LUXMilitaryZipCodeAlert" class="a-row a-spacing-top-small aok-hidden" role="alert">
                        <div class="a-box a-alert-inline a-alert-inline-info a-spacing-none"><div class="a-box-inner a-alert-container"><i class="a-icon a-icon-alert"></i><div class="a-alert-content">
                            
                        </div></div></div>
                    </div>
                </div>
            
            
                <div class="a-divider a-divider-break a-spacing-base a-spacing-top-base lux-country-selector-divider"><h5>Oder</h5></div>
                <div id="unifiedLocationCountrySelectionDiv" class="a-row a-spacing-none a-spacing-top-small">
                </div>
            
        </div>

        <script type="text/javascript">
            var shouldPopulateCountrySelector = true;
            P.now("LOCUX_DETAILPAGE_68144_T1").execute(function(LOCUX_DETAILPAGE_68144_T1) {
                if(LOCUX_DETAILPAGE_68144_T1) {
                    shouldPopulateCountrySelector = true;
                }
            });

            P.now("LUXContext").execute(function(LUXContext) {
                if (!LUXContext) {
                    P.declare("LUXContext", {
                        isRecognizedCustomer: false,
                        deviceType: "web",
                        isOneClick: false,
                        clientPage: "DPX",
                        shouldPopulateCountrySelector: shouldPopulateCountrySelector
                    });
                }
            });

            P.when("LUXController").execute(function(LUXController) {
                LUXController.init({
                    addressLabel : "",
                    addressId    : "",
                    obfuscatedId : "",
                    countryCode  : "DE",
                    zipCode      : "34117",
                    state        : "Hessen",
                    city         : "Kassel",
                    district     : "",
                    locationType : "REALM_DEFAULT"
                });
            });
        </script>
    </div>
    


        
    
    




    
    
    

    
    
        



    
    

    <script type="text/javascript">
    P.now("LUXDPOnly").execute(function(DP) {
        DP || P.declare("LUXDPOnly", {});
    });
    P.when("LUXDPRefreshController").execute(function(Controller) {
        Controller.init({
            asin : "B00BSNACII",
            merchantId : "A3JWKAKR8XB7XF",
            deviceType : "web",
            smid : "",
            exMerchId : "A3JWKAKR8XB7XF",
            wdg: "grocery_display_on_website",
            oneClick : false,
            addressId : "",
            obfuscatedId : "",
            city : "Kassel",
            state : "Hessen",
            countryCode : "DE",
            zipCode : "34117",
            district : "",
            useTwisterRefresh : "",
            updateAddressForNon1Click : "",
            relatedRequestId : "0K8TTEBZSQ1S50KDN22N"
        });
    });
    </script>


    


        </div>


    

</div>

                                        
                                            





























    


















    <hr class="a-spacing-base a-divider-normal">












    
        
    





  <div id="wishlistButtonStack" class="a-button-stack">
      
      
      
          
          
          
          
          
          
          
          
          <div id="add-to-wishlist-button-group" data-hover="&lt;!-- If PartialItemStateWeblab is true then, showing different Add-to-wish-list tool-tip message which is consistent with Add-to-Cart tool tip message.  --&gt;
    
        
        
            Auf die Liste? Bitte wählen Sie aus dem Sortiment links." class="a-button-group a-declarative a-spacing-none" data-action="a-button-group" role="radiogroup">
                  <span id="wishListMainButton" class="a-button a-button-group-first a-spacing-none"><span class="a-button-inner"><input id="add-to-wishlist-button-submit" name="submit.add-to-registry.wishlist" title="Auf die Liste" data-action="atwl-splitbutton-main" data-hover="&lt;!-- If PartialItemStateWeblab is true then, showing different Add-to-wish-list tool-tip message which is consistent with Add-to-Cart tool tip message.  --&gt;
    
        
        
            Auf die Liste? Bitte wählen Sie aus dem Sortiment links." class="a-button-input a-declarative" type="submit" aria-labelledby="wishListMainButton-announce"><span id="wishListMainButton-announce" class="a-button-text a-text-left" aria-hidden="true">
                      Auf die Liste
                      
                  </span></span></span>
                  
          </div>
          <div id="atwl-dd-spinner-holder" class="a-section a-hidden">
              <div class="a-row a-dropdown">
                  <div class="a-section a-popover-wrapper">
                      <div class="a-section a-text-center a-popover-inner">
                          <div class="a-box a-popover-loading"><div class="a-box-inner">
                          </div></div>
                      </div>
                  </div>
              </div>
          </div>
          <div id="atwl-dd-error-holder" class="a-section a-hidden">
              <div class="a-section a-dropdown">
                  <div class="a-section a-popover-wrapper">
                      <div class="a-section a-spacing-base a-padding-base a-text-left a-popover-inner">
                          <h3 class="a-color-error">
                              
                          </h3>
                          <span>
                              
                          </span>
                      </div>
                  </div>
              </div>
          </div>
          <div id="atwl-dd-unavail-holder" class="a-section a-hidden">
              <div class="a-section a-dropdown">
                  <div class="a-section a-popover-wrapper">
                      <div class="a-section a-spacing-base a-padding-base a-text-left a-popover-inner">
                          <h3 class="a-color-error">
                              
                          </h3>
                          <span>
                              
                          </span>
                      </div>
                  </div>
              </div>
          </div>
      
      <script type="a-state" data-a-state="{&quot;key&quot;:&quot;atwl&quot;}">{"hzPopover":false,"wishlistButtonId":"add-to-wishlist-button","dropDownHtml":"","wishlistButtonSubmitId":"add-to-wishlist-button-submit","maxAjaxFailureCount":"3","asin":"B00BSNACII"}</script>
      






















<script type="a-state" data-a-state="{&quot;key&quot;:&quot;jumpstart-success-modal-state&quot;}">{"showDPHeadJavaScript":false,"showBabyRegSuccessModal":false,"addSuccessModalHeader":"","hasBabyReg":false}</script>

<input type="hidden" name="" value="true" id="is-fully-selected-baby-reg">




  </div>













<script type="a-state" data-a-state="{&quot;key&quot;:&quot;popoverState&quot;}">{"formId":"addToCart","showWishListDropDown":true,"babyRegistryId":"add-to-registry-baby-button","showBabyRegDropdown":false,"wishlistPopoverWidth":206,"isAddToWishListDropDownAuiEnabled":true,"showPopover":false,"isBabyRegistryBrowseScriptDeprecated":false}</script>

                                        
                                    </div></div>
                            
                        
                    
                
                
            
        
    </form>
    
    
</div>

	                
                
            
        
        
        
        
        
        
    
    
    
        
    

    















    </div>





        
        
    
        
        
        
        






        
        
    
        
        
        
        






        
        
    
        
        
        
        






        
        
    
        
        
        
        






        
        
    
        
        
        
        






        
        
    
        
        
        
        






        
        
    
        
        
        
        






        
        
    
        
        
        
        









    <div id="moreBuyingChoices_feature_div" class="feature" data-feature-name="moreBuyingChoices">




    

    
    
    
        
            
                
	                
	                
	                	















    
    
        
    
























<!-- First fetch if the fmaFallback is true -->

<!-- If fma fall back is true, lets filter the offers with the buyboxMerchantId -->
















    
    
    
      <div class="a-section a-spacing-medium">
        <div id="mbc-action-panel-wrapper" style="">
            
            
            
            
            
                <div id="mbc" data-asin="B00BSNACII" data-brand="Aptamil" data-product-group="grocery_display_on_website" data-timeout="Leider ist ein Problem aufgetreten." class="a-box-group">
                
                    
                    
                        <div class="a-box a-text-center"><div class="a-box-inner a-padding-small">
                            
                                
                            
                            <h5>
                                
                                <span>Andere Verkäufer auf Amazon</span>
                            </h5>
                        </div></div>
                    
                
                
                
                    
                        <script type="text/javascript">
                            var MBCFeatureScope = "mbcUI";
                            if (typeof uet == 'function') {
                                uet('bb', MBCFeatureScope, {wb: 1});  //timestamp body-begin
                            }
                        </script>
                        <!-- Use fmaFallbackFilteredOffers if the fallback is true. Otherwise use the regular qualifiedOfferslist -->
                        
                            <div class="a-box mbc-offer-row pa_mbc_on_amazon_offer"><div class="a-box-inner a-padding-small">
                                
                                    
                                
                                
                                    
                                    
                                    
                                        
                                    
                                
                                
                                        
                                        
                                        
                                            <span class="a-button a-button-primary a-button-small a-float-right"><span class="a-button-inner"><a href="/gp/item-dispatch/ref=dp_ebb_1?ie=UTF8&amp;registryItemID.1=&amp;submit.addToCart=addToCart&amp;registryID.1=&amp;offeringID.1=79cu2clKPpNjlFzbFLwuZUCqFo4QN0Nih39Yz%252BitN1Uh4PiygQcueimcitLh542PLKUTCNltm9BiVdgV8%252BUUuzMOOgYeow5vgMFvIgAi5pm3VXH6ixdt7yVreMeBngT60Z08YRkc5EpWHSwFQH8wig%253D%253D&amp;storeID=grocery&amp;nodeID=340846031&amp;signInToHUC=0&amp;session-id=277-7281789-8489225&amp;itemCount=1" class="a-button-text" role="button">In den Einkaufswagen</a></span></span>
                                        
                                
                                
                                    
                                        <span class="a-declarative" data-action="a-popover" data-a-popover="{&quot;cache&quot;:&quot;true&quot;,&quot;closeButton&quot;:&quot;false&quot;,&quot;name&quot;:&quot;abigarrado - Preise inkl. MwSt.&quot;,&quot;width&quot;:&quot;280&quot;,&quot;header&quot;:&quot;&quot;,&quot;position&quot;:&quot;triggerLeft&quot;,&quot;scrollable&quot;:&quot;false&quot;,&quot;url&quot;:&quot;/gp/product/du/mbc-seller-information.html/ref=dp_mbc_info_0?c=new&amp;a=B00BSNACII&amp;me=A2CIM61MXS3RON&amp;brand=Aptamil&amp;productGroupID=grocery_display_on_website&amp;isUDP=1&amp;isAGS=0&quot;}">
                                            




<div class="a-row">
    
        
        
            <div class="a-section a-spacing-none">
                <span class="a-size-medium a-color-price">
                    EUR 49,90
                </span>
                
                    <span class="a-size-small a-color-price">
                        (EUR 20,79 /  kg)
                    </span>
                
                






                <br>
                
                
                
                    <span class="a-size-small a-color-secondary">+&nbsp;GRATIS Lieferung innerhalb Deutschlands</span>
                
                
                
            </div>
        
    
    <div class="a-section a-spacing-none">
        <span class="a-size-small a-color-secondary">
            Verkauft von:
        </span>
        <span class="a-size-small mbcMerchantName">
            abigarrado - Preise inkl. MwSt.
        </span>
        
    </div>
</div>

                                        </span>
                                    
                                    
                                
                            </div></div>
                        
                            <div class="a-box mbc-offer-row pa_mbc_on_amazon_offer"><div class="a-box-inner a-padding-small">
                                
                                    
                                
                                
                                    
                                    
                                    
                                        
                                    
                                
                                
                                        
                                        
                                        
                                            <span class="a-button a-button-primary a-button-small a-float-right"><span class="a-button-inner"><a href="/gp/item-dispatch/ref=dp_ebb_2?ie=UTF8&amp;registryItemID.1=&amp;submit.addToCart=addToCart&amp;registryID.1=&amp;offeringID.1=79cu2clKPpNjlFzbFLwuZUCqFo4QN0NifFId4hJmi7EJUc19lckDCdxNrDZ70H1LEVKbb6wlKdObiod%252Bs95FW%252BrgmNQPUL%252Ft4lio3tKrMhJSDko%252BQ2%252Fc99dmlmNqS2%252FS%252BtSy%252BvDYv9k8BK3TvG3GhA%253D%253D&amp;storeID=grocery&amp;nodeID=340846031&amp;signInToHUC=0&amp;session-id=277-7281789-8489225&amp;itemCount=1" class="a-button-text" role="button">In den Einkaufswagen</a></span></span>
                                        
                                
                                
                                    
                                        <span class="a-declarative" data-action="a-popover" data-a-popover="{&quot;cache&quot;:&quot;true&quot;,&quot;closeButton&quot;:&quot;false&quot;,&quot;name&quot;:&quot;Foodstore (Preise inkl. MwSt zzgl. Versand)&quot;,&quot;width&quot;:&quot;280&quot;,&quot;header&quot;:&quot;&quot;,&quot;position&quot;:&quot;triggerLeft&quot;,&quot;scrollable&quot;:&quot;false&quot;,&quot;url&quot;:&quot;/gp/product/du/mbc-seller-information.html/ref=dp_mbc_info_1?c=new&amp;a=B00BSNACII&amp;me=A1NXDFOPC4W99L&amp;brand=Aptamil&amp;productGroupID=grocery_display_on_website&amp;isUDP=1&amp;isAGS=0&quot;}">
                                            




<div class="a-row">
    
        
        
            <div class="a-section a-spacing-none">
                <span class="a-size-medium a-color-price">
                    EUR 53,31
                </span>
                
                    <span class="a-size-small a-color-price">
                        (EUR 22,21 /  kg)
                    </span>
                
                






                <br>
                
                
                
                    <span class="a-size-small a-color-secondary">+ EUR 2,90 Versandkosten</span>
                
                
                
            </div>
        
    
    <div class="a-section a-spacing-none">
        <span class="a-size-small a-color-secondary">
            Verkauft von:
        </span>
        <span class="a-size-small mbcMerchantName">
            Foodstore (Preise inkl. MwSt zzgl. Versand)
        </span>
        
    </div>
</div>

                                        </span>
                                    
                                    
                                
                            </div></div>
                        
                            <div class="a-box mbc-offer-row pa_mbc_on_amazon_offer"><div class="a-box-inner a-padding-small">
                                
                                    
                                
                                
                                    
                                    
                                    
                                        
                                    
                                
                                
                                        
                                        
                                        
                                            <span class="a-button a-button-primary a-button-small a-float-right"><span class="a-button-inner"><a href="/gp/item-dispatch/ref=dp_ebb_3?ie=UTF8&amp;registryItemID.1=&amp;submit.addToCart=addToCart&amp;registryID.1=&amp;offeringID.1=79cu2clKPpNjlFzbFLwuZUCqFo4QN0NiNzbteHO5s2sSjMWD93xqR8xx12KAkeUEMyRVh5aWIk2e5GF%252B78gmqrkpTdnBPQFvFMpqQgEWVXr%252BBkz7sC7SeCY4A87Yol1rYaOzSW9NgwjS%252FS0VqCS7GZ8fEEcZ7g5v&amp;storeID=grocery&amp;nodeID=340846031&amp;signInToHUC=0&amp;session-id=277-7281789-8489225&amp;itemCount=1" class="a-button-text" role="button">In den Einkaufswagen</a></span></span>
                                        
                                
                                
                                    
                                        <span class="a-declarative" data-action="a-popover" data-a-popover="{&quot;cache&quot;:&quot;true&quot;,&quot;closeButton&quot;:&quot;false&quot;,&quot;name&quot;:&quot;schafi-shop&quot;,&quot;width&quot;:&quot;280&quot;,&quot;header&quot;:&quot;&quot;,&quot;position&quot;:&quot;triggerLeft&quot;,&quot;scrollable&quot;:&quot;false&quot;,&quot;url&quot;:&quot;/gp/product/du/mbc-seller-information.html/ref=dp_mbc_info_2?c=new&amp;a=B00BSNACII&amp;me=A1OZXNKKEHA7LD&amp;brand=Aptamil&amp;productGroupID=grocery_display_on_website&amp;isUDP=1&amp;isAGS=0&quot;}">
                                            




<div class="a-row">
    
        
        
            <div class="a-section a-spacing-none">
                <span class="a-size-medium a-color-price">
                    EUR 51,82
                </span>
                
                    <span class="a-size-small a-color-price">
                        (EUR 21,59 /  kg)
                    </span>
                
                






                <br>
                
                
                
                    <span class="a-size-small a-color-secondary">+ EUR 4,40 Versandkosten</span>
                
                
                
            </div>
        
    
    <div class="a-section a-spacing-none">
        <span class="a-size-small a-color-secondary">
            Verkauft von:
        </span>
        <span class="a-size-small mbcMerchantName">
            schafi-shop
        </span>
        
    </div>
</div>

                                        </span>
                                    
                                    
                                
                            </div></div>
                        
                        <script type="text/javascript">
                            if (typeof uet == 'function') {
                                uet('be', MBCFeatureScope, {wb: 1});  //timestamp body-end
                            }
                            if (typeof uex == 'function') {
                                uex('ld', MBCFeatureScope, {wb: 1});  //send metrics
                            }
                        </script>
                    
                    
                    
                    
                
                
                    <div class="a-box"><div class="a-box-inner a-padding-base">
                        <span class="a-size-small"><a href="/gp/offer-listing/B00BSNACII/ref=dp_olp_new_mbc?ie=UTF8&amp;condition=new">10&nbsp;neu</a>&nbsp;ab&nbsp;<span class='a-color-price'>EUR 39,80</span></span>
                    </div></div>
                
                </div>
            
        </div>
        
        








      </div>
    

<script type="text/javascript">
P.when('A','jQuery').execute(function(A,$)  {
    function toggleExpanderHeaderTextWeight(data) {
       $("[data-a-expander-name="+data.expander.expanderName+"] .a-mbc-expander-heading-text").toggleClass("a-mbc-expander-heading-text-bold");
    }

    var offerCount = 3;
    for(var i=1; i <= offerCount; i++){
        $(".mbcLi"+i).bind("click", function(){
            this.click();
        });
        $(".mbcLi"+i+" .a-button a").bind("click", function(){
            window.open(this.href,"_self");
        });
        A.on('a:expander:mbc_expander_'+i+':toggle:expand', toggleExpanderHeaderTextWeight);
        A.on('a:expander:mbc_expander_'+i+':toggle:collapse', toggleExpanderHeaderTextWeight);
    }

    if ($("#mbc-panel").length == 0) {
        $("#mbc-action-panel-wrapper").show();
    }
});
</script>

	                
                
            
        
        
        
        
        
        
    
    
    

    















    </div>





        
        
    
        
        
        
        






        
        
    
        
        
        
        









    <div id="product-ads-feedback_feature_div" class="feature" data-feature-name="productAdsFeedback">




    

    
    
    
        
            
                
	                
	                
	                	






	                
                
            
        
        
        
        
        
        
    
    
    

    















    </div>





        
        
    
        
        
        
        









    <div id="amsDetailRight_feature_div" class="feature" data-feature-name="amsDetailRight">




    

    
    
    
        
            
                
	                
	                
	                	<div id="amsDetailRight" data-detailPageAsin="B013USRV1E">
<noscript><style>#DAadrv2{display:none;}</style></noscript><div id="DAadrv2" class="copilot-secure-display celwidget  text/x-dacx-safeframe" data-campaign="4635" style="display: block; margin:auto; line-height:0;" cel_widget_id="DAadrv2" data-ad-details='{"slot" :"DAadrv2","slotName" :"ams-detail-right-v2","src" : "http://aax-eu.amazon-adsystem.com/x/getad?pa=B013USRV1E&c=100&pc=340846031&pt=Detail&u=http%3A%2F%2Fwww.amazon.de&src=506&sz=245x250&ad-sid=0101be2c048e1f86680a5e5fc9d2778166afe8091819121ad59bcbccff91455b327a&pj=%7B%22asins%22%3A%22B013USRV1E%22%2C%22st%22%3A%22amzn.de.dp.groceries%22%2C%22zn%22%3A%22_default%22%2C%22prid%22%3A%220101742e9c2ec63b3da81ebc3dc19d78e56867fb349dff7925f7b5fdc72904eb14ea%22%2C%22bn%22%3A%22340846031%22%7D&slot=ams-detail-right-v2","adServer" :"aax","campaignId" :  "4635","arid" :"af23bf5ee4a64c16a30657e65e465750","size" :{"width": "100%","height" : "250px"},"allowedSizes" :[],"allowedDomains" :  ["g-ecx.images-amazon.com"],"aanParams" :   "site%3Damazon.de%3Bpt%3DDetail%3Bslot%3Dams-detail-right-v2%3Bpid%3DB013USRV1E%3Basin%3DB013USRV1E%3Bbn%3D340846031%3Bprid%3D0K8TTEBZSQ1S50KDN22N%3Barid%3Daf23bf5ee4a64c16a30657e65e465750%3Bad-sid%3D0101be2c048e1f86680a5e5fc9d2778166afe8091819121ad59bcbccff91455b327a","loadAfter" :   "criticalFeature","daJsUrl" : "https://dq4ijymydgrfx.cloudfront.net/2016-02-22/v1/feedback-de.js","iframeExtraStyle": "","iframeClass":  "","feedbackJsUrl":"https://dq4ijymydgrfx.cloudfront.net/2016-02-22/v1/feedback-de.js","showInlineFeedback": false,"inlineFeedbackParams": {},"boolFeedback": true,"adPixels": [],"adPixelDelay": "0","aaxPixelUrl":  "","usePrefetchRoute": false,"htmlContent":  "","htmlContentEncoded": ""}'></div><script>(function(window, document){if(typeof uet == 'function' && typeof ues == 'function') {ues('wb','DAadrv2',{wb:1}); uet('bb','DAadrv2',{wb:1}); }window.aanParams=window.aanParams||{};window.aanParams['ams-detail-right-v2']="site=amazon.de;pt=Detail;slot=ams-detail-right-v2;pid=B013USRV1E;asin=B013USRV1E;bn=340846031;prid=0K8TTEBZSQ1S50KDN22N;arid=af23bf5ee4a64c16a30657e65e465750;ad-sid=0101be2c048e1f86680a5e5fc9d2778166afe8091819121ad59bcbccff91455b327a";try {if(window.DAsf) {window.DAsf.loadAds();} else {var sfLibrary = document.createElement('script');sfLibrary.type = "text/javascript";sfLibrary.async = true;sfLibrary.charset = "utf-8";sfLibrary.src = "https://images-eu.ssl-images-amazon.com/images/G/01/dacx/sf/DAsf-1.34_FX1._V275812351_.js";(document.getElementsByTagName('head')[0]||document.getElementsByTagName('body')[0]).appendChild(sfLibrary);}} catch(ex) {if(window.ueLogError) {window.ueLogError(ex, {logLevel : 'ERROR',attribution : 'DACX-safeframe',message : 'Error appending DAsf library'});}};}(window, document));</script>
</div>
	                
                
            
        
        
        
        
        
        
    
    
    

    















    </div>





        
        
    
        
        
        
        









    <div id="servicesInterstitial_feature_div" class="feature" data-feature-name="servicesInterstitial">




    

    
    
    
        
            
                
	                
	                
	                	








	                
                
            
        
        
        
        
        
        
    
    
    

    















    </div>





        
        
    
        
        
        
        






        
        
    
        
        
        
        






        
        
    
        
        
        
        






        
        
    
</div>
         
<div id="leftCol" class="leftCol">
    
        
        
        
        









    <div id="imageBlock_feature_div" class="feature" data-feature-name="imageBlock">




    

    
    
    
        
            
                
	                
	                
	                	














    
    
    








    




    








<div id="imageBlock" aria-hidden="true" class="a-section">
    <div class="a-fixed-left-grid"><div class="a-fixed-left-grid-inner" style="padding-left:32px">
        
            <div id="altImages" class="a-fixed-left-grid-col a-col-left" style="width:40px;margin-left:-40px;_margin-left:-20px;float:left;">
                









    <div id="thumbs-image" class="a-hidden" customfunctionname="(function(id, state, onloadFunction){ P.when('A').execute(function(A){ A.trigger('image-block-twister-swatch-click', id, state, onloadFunction); }); });"></div>
    
    <ul class="a-nostyle a-button-list a-vertical a-spacing-top-micro">

        
        
        
        
        

        
            
                
                
                
                
                
                
                
                <li class="a-spacing-small item"><span class="a-list-item">
    <span class="a-declarative" data-action="thumb-action" data-thumb-action="{&quot;thumbnailIndex&quot;:&quot;0&quot;,&quot;variant&quot;:&quot;MAIN&quot;,&quot;index&quot;:0,&quot;type&quot;:&quot;image&quot;}">
        <span class="a-button a-button-selected a-button-thumbnail a-button-toggle a-button-focus"><span class="a-button-inner"><input class="a-button-input" type="submit"><span class="a-button-text" aria-hidden="true">
            
                
                
                    <img alt="" src="http://ecx.images-amazon.com/images/I/51Lfv-i-z6L._SX38_SY50_CR,0,0,38,50_.jpg">
                
            
        </span></span></span>
    </span>
</span></li>


                
            
        
            
                
                
                
                
                
                
                
                <li class="a-spacing-small item"><span class="a-list-item">
    <span class="a-declarative" data-action="thumb-action" data-thumb-action="{&quot;thumbnailIndex&quot;:1,&quot;variant&quot;:&quot;PT01&quot;,&quot;index&quot;:1,&quot;type&quot;:&quot;image&quot;}">
        <span class="a-button a-button-thumbnail a-button-toggle"><span class="a-button-inner"><input class="a-button-input" type="submit"><span class="a-button-text" aria-hidden="true">
            
                
                
                    <img alt="" src="http://ecx.images-amazon.com/images/I/51chE6cO8LL._SX38_SY50_CR,0,0,38,50_.jpg">
                
            
        </span></span></span>
    </span>
</span></li>


                
            
        

        
            
                <li class="a-spacing-small template"><span class="a-list-item">
                    <span class="a-button a-button-thumbnail a-button-toggle"><span class="a-button-inner"><input class="a-button-input" type="submit"><span class="a-button-text" aria-hidden="true">
                      <span class="placeHolder"></span>
                    </span></span></span>
                </span></li>
            
            
        
        
        

        
            

        

        
        

        
    </ul>

    

            </div>
            
        
        <div class="a-text-center a-fixed-left-grid-col a-col-right" style="padding-left:1%;*width:98.6%;float:left;">
            <div id="twister-main-image" class="a-hidden" customfunctionname="(function(id, state){ P.when('A').execute(function(A){ A.trigger('image-block-twister-swatch-hover', id, state); }); });"></div>
            <div class="a-row a-spacing-none a-grid-vertical-align a-grid-center canvas ie7-width-96">
                <div id="main-image-container" class = "a-dynamic-image-container">
                    
                        <div id="video-outer-container">
                            <div id="main-video-container">
                            </div>
                            <div id="video-canvas-caption" class="a-row">
                                <div class="a-column a-span12 a-text-center">
                                    <span id="videoCaption" class="a-color-secondary"></span>
                                </div>
                            </div>
                        </div>
                    
                    





<input id="show-immersive-view-on-softlines" type="hidden" value="false"/>



    
        
        
        
    
    
    
    
        
        
        
    
    
    
    
    
    
	
    
    

    


	


<!--     Creating a custom overlay for image not available experience -->
<div class="variationUnavailable unavailableExp">
    <div class="inner">
        
        <div class="a-box a-alert a-alert-error"><div class="a-box-inner a-alert-container"><h4 class="a-alert-heading">Bild nicht verfügbar</h4><i class="a-icon a-icon-alert"></i><div class="a-alert-content">
            <span class="a-text-bold">
                Keine Abbildung vorhanden für <br/>Farbe:
                <span class="unvailableVariation"></span>
            </span>
        </div></div></div>
    </div>
</div>
<div class="a-hidden" id="auiImmersiveViewDiv"></div> 
<ul class="a-nostyle a-horizontal list maintain-height">
    
    
    
        
            
                <li class="image
                 item itemNo0 selected maintain-height"><span class="a-list-item">
                    <span class="a-declarative" data-action="main-image-click" data-main-image-click="{}">
                        <div id="imgTagWrapperId" class="imgTagWrapper">
                          
                          <img alt="Aptamil Kindermilch 1+ ab 1 Jahr, 4er Pack (4 x 600 g)" src="http://ecx.images-amazon.com/images/I/51Lfv-i-z6L._SY300_QL70_.jpg" data-old-hires="http://ecx.images-amazon.com/images/I/71N6tuY0mHL._SL1225_.jpg" onload="this.onload='';setCSMReq('af');if(typeof addlongPoleTag === 'function'){ addlongPoleTag('af','desktop-image-atf-marker');};setCSMReq('cf')" class="a-dynamic-image  a-stretch-vertical" id="landingImage" data-a-dynamic-image="{&quot;http://ecx.images-amazon.com/images/I/71N6tuY0mHL._SY606_.jpg&quot;:[606,406],&quot;http://ecx.images-amazon.com/images/I/71N6tuY0mHL._SY445_.jpg&quot;:[445,298],&quot;http://ecx.images-amazon.com/images/I/71N6tuY0mHL._SY500_.jpg&quot;:[500,335],&quot;http://ecx.images-amazon.com/images/I/71N6tuY0mHL._SY679_.jpg&quot;:[679,455],&quot;http://ecx.images-amazon.com/images/I/71N6tuY0mHL._SY550_.jpg&quot;:[550,368]}" style="max-width:454px;max-height:679px;">
                          
                        </div>
                    </span>
                </span></li>
            
        
    
        
    

    <li class="mainImageTemplate template"><span class="a-list-item">
        <span class="a-declarative" data-action="main-image-click" data-main-image-click="{}">
            <div class="imgTagWrapper">
                <span class="placeHolder"></span>
            </div>
        </span>
    </span></li>
    
    <li class="swatchHoverExp a-hidden maintain-height"><span class="a-list-item">
        <span class="a-declarative" data-action="main-image-click" data-main-image-click="{}">
            <div class="imgTagWrapper">
                <span class="placeHolder"></span>
            </div>
        </span>
    </span></li>
    
    <li class="itemUnavailable unavailableExp a-hidden"><span class="a-list-item">
        <span class="a-size-medium a-color-state a-text-bold">
            Der Artikel ist in folgender Variante leider nicht verfügbar
        </span>
    </span></li>
    
    <li class="imageUnavailable unavailableExp a-hidden"><span class="a-list-item">
        <span class="a-size-medium a-color-state a-text-bold">
            Keine Abbildung vorhanden
        </span>
    </span></li>

    <li id="noFlashContent" class="noFlash a-hidden"><span class="a-list-item">
        
        <a class="a-link-normal" target="_blank" href="https://get.adobe.com/flashplayer">
            
            <span class="swSprite s_extLink"></span>
        </a>
    </span></li>
</ul>

                </div>
            </div>

            
                <div id="image-canvas-caption" class="a-row">
                    <div class="a-column a-span12 a-text-center">
                        <span id="canvasCaption" class="a-color-secondary"></span>
                    </div>
                </div>
            
            &nbsp;&nbsp;&nbsp;&nbsp;
            
            
                
                
                    <div class="collections-collect-button"></div>
                
            

            
        </div>

    </div></div>
</div>



<script type="text/javascript">

maintainHeight = function(){
    var mainHolder = document.getElementById("main-image-container");
    var imgTagWrapperId = document.getElementById("imgTagWrapperId");
    if(mainHolder && typeof mainHolder != 'undefined'){
        var ratio = 0.77;
        var shouldAutoPlay = false;
        var naturalMainImageSize = false;
        var videoSizes = [[297, 445], [334, 500], [368, 550], [405, 606], [454, 679]];
        
        
        var width = mainHolder.offsetWidth;
        var containerHeight = width/ratio;
        containerHeight = Math.min(containerHeight, 700);

        var landingImage = document.getElementById("landingImage");
        var imageHeight = Math.min(containerHeight, 679);
        var imageWidth = Math.min(width, 454);

        

        if(typeof mainImgMaxHeight !== 'undefined' && mainImgMaxHeight){ 
            containerHeight = Math.min(mainImgMaxHeight, containerHeight);
        }

        mainHolder.style.height = containerHeight + "px";
        if(imgTagWrapperId && typeof imgTagWrapperId !== 'undefined' ){
            imgTagWrapperId.style.height = containerHeight + "px";
        }
        if(landingImage && !naturalMainImageSize) {
            landingImage.style.maxHeight = imageHeight + "px";
            landingImage.style.maxWidth  = imageWidth + "px";
        }

        if(shouldAutoPlay){
            if(landingImage){
                var autoPlayWidth=0, autoPlayHeight=0;
                for(var i=0; i < videoSizes.length; i++){
                    if( autoPlayWidth < videoSizes[i][0] ){
                        autoPlayWidth = videoSizes[i][0];
                        autoPlayHeight = videoSizes[i][1];
                    }
                }
                if( autoPlayWidth > 0 && autoPlayHeight > 0 ){
                    var videoRatio = autoPlayWidth/autoPlayHeight;
                    // increasing height of the slate image by 1px (and width with the ratio) so that black lines doesn't appear on ipad on right side.
                    var isIpad = navigator.userAgent.match(/ipad/i);
                    if( isIpad ){
                        containerHeight = containerHeight + 1;
                    }
                    landingImage.style.width = containerHeight * videoRatio + "px";
                    landingImage.style.height = containerHeight + "px";
                }

            }
        }
    }
};
maintainHeight();

window.onresize = function(){
    maintainHeight();
};



P.when('A').register("ImageBlockATF", function(A){
    var data = {
                'colorImages': { 'initial': [{"hiRes":"http://ecx.images-amazon.com/images/I/71N6tuY0mHL._SL1225_.jpg","thumb":"http://ecx.images-amazon.com/images/I/51Lfv-i-z6L._SX38_SY50_CR,0,0,38,50_.jpg","large":"http://ecx.images-amazon.com/images/I/51Lfv-i-z6L.jpg","main":{"http://ecx.images-amazon.com/images/I/71N6tuY0mHL._SY445_.jpg":[445,298],"http://ecx.images-amazon.com/images/I/71N6tuY0mHL._SY500_.jpg":[500,335],"http://ecx.images-amazon.com/images/I/71N6tuY0mHL._SY550_.jpg":[550,368],"http://ecx.images-amazon.com/images/I/71N6tuY0mHL._SY606_.jpg":[606,406],"http://ecx.images-amazon.com/images/I/71N6tuY0mHL._SY679_.jpg":[679,455]},"variant":"MAIN"},{"hiRes":"http://ecx.images-amazon.com/images/I/71r49Ps053L._SL1500_.jpg","thumb":"http://ecx.images-amazon.com/images/I/51chE6cO8LL._SX38_SY50_CR,0,0,38,50_.jpg","large":"http://ecx.images-amazon.com/images/I/51chE6cO8LL.jpg","main":{"http://ecx.images-amazon.com/images/I/71r49Ps053L._SY445_.jpg":[445,240],"http://ecx.images-amazon.com/images/I/71r49Ps053L._SY500_.jpg":[500,270],"http://ecx.images-amazon.com/images/I/71r49Ps053L._SY550_.jpg":[550,297],"http://ecx.images-amazon.com/images/I/71r49Ps053L._SY606_.jpg":[606,327],"http://ecx.images-amazon.com/images/I/71r49Ps053L._SY679_.jpg":[679,367]},"variant":"PT01"}]},
                'colorToAsin': {'initial': {}},
                'heroImage': {'initial': []},
                'heroVideo': {'initial': []},
                'holderRatio': 0.77,
                'holderMaxHeight': 700,
                'useStretchyImageFix': true,
                'isAltImageAutoCycleEnabled': false,
                'altImageAutoCycleInterval': 0,
                'isEnhancedImageBlockSize' : false,
                'preloadingMainBlockForSoftlines' : false
                };
    A.trigger('P.AboveTheFold'); // trigger ATF event.
    return data;
});
</script>

	                
                
            
        
        
        
        
        
        
    
    
    

    






    










    </div>





        
        
    
</div>
<div id="centerCol" class="centerColAlign">        
    
        
        
        
        









    <div id="machineTranslation_feature_div" class="feature" data-feature-name="machineTranslation">




    

    
    
    
        
            
                
	                
	                
	                	






















<style type="text/css">
    #machine-translation-widget .a-icon-alert {
        margin-top: 10px;
    }
</style>












	                
                
            
        
        
        
        
        
        
    
    
    

    















    </div>





        
        
    
        
        
        
        









    <div id="title_feature_div" class="feature" data-feature-name="title">




    

    
    
    
        
            
                
	                
	                
	                	

    


	



<div id="titleSection" class="a-section a-spacing-none">
    <h1 id="title" class="a-size-large a-spacing-none">
      <span id="productTitle" class="a-size-large">
          
              
              
               
                  Aptamil Kindermilch 1+ ab 1 Jahr, 4er Pack (4 x 600 g)
              
          
      </span>
      
      
      
      
      
      
      
    </h1>
    <div id="expandTitleToggle" class="a-section a-spacing-none expand aok-hidden"></div>
    
</div>


<style>
#energyEfficiencyTitleInformation { font-size: 19px !important;}
</style>

	

	                
                
            
        
        
        
        
        
        
    
    
    

    















    </div>





        
        
    
        
        
        
        









    <div id="qpeTitleTag_feature_div" class="feature" data-feature-name="qpeTitleTag">




    

    
    
    
        
        
        
        
        
        
    
    
    

    















    </div>





        
        
    
        
        
        
        









    <div id="brandByline_feature_div" class="feature" data-feature-name="brandByline">




    

    
    
    
        
            
                
	                
	                
	                	 




    <div class="a-section a-spacing-none">
    <!-- Fix for tt- 0059914573 (Not a good practice. Added to accommodate for Pantry brandbyline viewdapter) -->
    
    
    
    
        
            von
        
        
    
    
        
        
            
                
                
                    
                         
                           <a id="brand" class="a-link-normal" href="/Aptamil/b/ref=bl_dp_s_web_1686253031?ie=UTF8&amp;node=1686253031&amp;field-lbr_brands_browse-bin=Aptamil">Aptamil</a>
                        
                     
                
            
        
    
    </div>


	                
                
            
        
        
        
        
        
        
    
    
    

    















    </div>





        
        
    
        
        
        
        









    <div id="averageCustomerReviews_feature_div" class="feature" data-feature-name="averageCustomerReviews">




    

    
    
    
        
            
                
	                
	                
	                	




<style type="text/css">
    /* 
    * Fix for UDP-1061. Average customer reviews has a small extra line on hover 
    * https://omni-grok.amazon.com/xref/src/appgroup/websiteTemplates/retail/SoftlinesDetailPageAssets/udp-intl-lock/src/legacy.css?indexName=WebsiteTemplates#40
    */
    .noUnderline a:hover { 
        text-decoration: none; 
    }
</style>



    
    
    
    
        

        
        
        

        
        
        
        
		
		
		
		
		        
		
		
		
		
		
		
		
		        
        

        <div id="averageCustomerReviews" class="a-spacing-none" data-asin="B00BSNACII" data-ref="dpx_acr_pop_" >
            
            
                
                
                
                    











    



        
            
            
                <span class="a-declarative" data-action="acrStarsLink-click-metrics" data-acrStarsLink-click-metrics="{}">
                    





    <span id="acrPopover" class="reviewCountTextLinkedHistogram noUnderline" title="4.5 von 5 Sternen">
        <span class="a-declarative" data-action="a-popover" data-a-popover="{&quot;max-width&quot;:&quot;700&quot;,&quot;closeButton&quot;:&quot;false&quot;,&quot;position&quot;:&quot;triggerBottom&quot;,&quot;url&quot;:&quot;/gp/customer-reviews/widgets/average-customer-review/popover/ref=dpx_acr_pop_?contextId=dpx&amp;asin=B00BSNACII&quot;}">
            <a href="javascript:void(0)" class="a-popover-trigger a-declarative">
                <a id="reviewStarsLinkedCustomerReviews" class="a-link-normal" href="#customerReviews">
                   

<i class="a-icon a-icon-star a-star-4-5"><span class="a-icon-alt">4.5 von 5 Sternen</span></i>
                
                </a>
            <i class="a-icon a-icon-popover"></i></a>
        </span>
        <span class="a-letter-space"></span>
    </span>


                </span>
                <span class="a-letter-space"></span>
            
        
        
        

        

        

        
        
        
        
        
        
        
            
            
                <span class="a-declarative" data-action="acrLink-click-metrics" data-acrLink-click-metrics="{}">
                    <a id="acrCustomerReviewLink" class="a-link-normal" href="#customerReviews">
                        <span id="acrCustomerReviewText" class="a-size-base">31 Kundenrezensionen</span>
                    </a>
                </span>
            
                <script type="text/javascript">
                    P.when('A', 'ready').execute(function(A) {
                        A.declarative('acrLink-click-metrics', 'click', { "allowLinkDefault" : true }, function(event){
                            if(window.ue) {
                                ue.count("acrLinkClickCount", (ue.count("acrLinkClickCount") || 0) + 1);
                            }
                        });
                    });
                </script>
            
            
            
            
        
        
        
            <script type="text/javascript">
                P.when('A', 'cf').execute(function(A) {
                    A.declarative('acrStarsLink-click-metrics', 'click', { "allowLinkDefault" : true },  function(event){
                        if(window.ue) {
                            ue.count("acrStarsLinkWithPopoverClickCount", (ue.count("acrStarsLinkWithPopoverClickCount") || 0) + 1);
                        }
                    });
                });
            </script>
        


                
            
        </div>
    


	                
                
            
        
        
        
        
        
        
    
    
    

    















    </div>





        
        
    
        
        
        
        









    <div id="ask_feature_div" class="feature" data-feature-name="ask">




    

    
    
    
        
            
                
	                
	                
	                	



<style type="text/css">
  #averageCustomerReviews, #averageCustomerReviews_feature_div, #ask_feature_div  {
     display: inline-block;
     *display: inline;
  }
</style>



  
    <span class="askPipe"> | </span>
  
  <span>
    <a class="a-link-normal askATFLink" href="/forum?asin=B00BSNACII">
      <span class="a-size-base">
        17 beantwortete Fragen
      </span>
    </a>
  </span>

  <style type="text/css">
    .askPipe {
        color: #666666;
        padding: 0 5px 0 5px;
    }
  </style>




	                
                
            
        
        
        
        
        
        
    
    
    

    















    </div>





        
        
    
        
        
        
        









    <div id="zeitgeistBadge_feature_div" class="feature" data-feature-name="zeitgeistBadge">




    

    
    
    
        
            
                
	                
	                
	                	














    
    
        <style type="text/css">
        .badge-wrapper{margin:5px 0 10px}
        .badge-wrapper .p13n-best-seller-badge{margin-right:4px;background-color:#E47911!important;font-size:12px;padding-top:2px;padding-bottom:2px;line-height:14px;font-weight:400}
        .badge-wrapper a.badge-link:hover{text-decoration:none}
        .badge-wrapper span.cat-name{color:#888;display:inline;margin-left:5px}
        .badge-wrapper .p13n-best-seller-badge:before{border-bottom-color:#E47911!important}
        .badge-wrapper .p13n-best-seller-badge:after{border-top-color:#E47911!important}
        .badge-wrapper .cat-link{color:#0066C0;font-size:12px}
        .badge-wrapper a:hover .cat-link{color:#E47911;text-decoration:underline}
        .badge-wrapper .rank-number{font-weight:700}
        </style>

        <div class="badge-wrapper">
        <a class="badge-link" href="/gp/bestsellers/grocery/ref=zg_b_bs_grocery_1" title="Lebensmittel & Getränke">
        <i class="a-icon a-icon-addon p13n-best-seller-badge">Bestseller Nr. <span class='rank-number'>1</span></i><span class="cat-name">in <span class='cat-link'>Lebensmittel & Getränke</span></span>
        </a>
        </div>
    



	                
                
            
        
        
        
        
        
        
    
    
    

    















    </div>





        
        
    
        
        
        
        












    

    
    
    
        
        
        
        
        
        	
        		
        		
					<hr/>
        		
        	
        
        
    
    
    

    



















        
        
    
        
        
        
        









    <div id="price_feature_div" class="feature" data-feature-name="price">




    

    
    
    
        
            
                
	                
	                
	                	









	
	
	
	
	
	
    
	
	    
	    
	    
	        









    
    
        <div id="price" class="a-section a-spacing-small">
        
        <table class="a-lineitem">
            
                
        		
        		
        			
        			
        				



        			
        			
        			
        				
        				
        				
        				
        				
        					
        					
        					
                            
                            
                            
                            
        					
        					
        				    
        				    
        				    
        
        				     
                            
        				        
        		                
        
        				        
        		                
        
                                
        
                                
                                    
                                    
                                

                                
                                
        
                                







<tr id="priceblock_ourprice_row">
    <td id="priceblock_ourprice_lbl" class="a-color-secondary a-size-base a-text-right a-nowrap">Preis:</td>
    <td class="a-span12">
        <span id="priceblock_ourprice" class="a-size-medium a-color-price">EUR 39,80</span>

        
         
            



<span class="a-size-small a-color-price"> (EUR 16,58 /  kg)</span>

        
        








        






        
        






        <span id="ourprice_shippingmessage">	
        	





























    <span class="a-size-base a-color-base">

<!-- TemplateId:Free_shipping_qualify_inline_display_template -->
<b>Kostenlose Lieferung.</b>  <a href='/gp/help/customer/display.html/ref=mk_sss_dp_1?ie=UTF8&pop-up=1&nodeId=504950' target='AmazonHelp' onclick="return amz_js_PopWin(this.href,'AmazonHelp','width=550,height=550,resizable=1,scrollbars=1,toolbar=0,status=0');">Details</a>
</span>




        </span>
        
        
        
        
    </td>
</tr>

        				    
        
                            
                            
        				    
        				    
        				    
        				    
                            
                            
        		
        					
        					

                            
                            





        		            
        					
        						
        						
									
										
										
									

        							
        							
        						
        					
        				
        			
        
        			
        			



    


    



	
		
	    
		    <tr id="vatMessage">
		        <td></td>
		        <td>
		            <span class="a-size-base">Alle Preisangaben inkl. MwSt.</span>
		        </td>
		    </tr>
		
	
   



        
        			
        			
        
        			
                    
                        
                            






                        
                    
        
        			
        			
        			
        			  
        			  
        			
        
        			
        			




        
        			
        			
        
        		
        	
        	
        	
        
            
            
            
            
            
        </table>
        </div>
    


	    
		
	
	
	
	

	                
                
            
        
        
        
        
        
        
    
    
    

    















    </div>





        
        
    
        
        
        
        









    <div id="pmpux_feature_div" class="feature" data-feature-name="pmpux">




    

    
    
    
        
            
                
	                
	                
	                	



	                
                
            
        
        
        
        
        
        
    
    
    

    















    </div>





        
        
    
        
        
        
        






        
        
    
        
        
        
        






        
        
    
        
        
        
        






        
        
    
        
        
        
        









    <div id="primenote_feature_div" class="feature" data-feature-name="primenote">




    

    
    
    
        
            
                
	                
	                
	                	






    

	                
                
            
        
        
        
        
        
        
    
    
    

    















    </div>





        
        
    
        
        
        
        






        
        
    
        
        
        
        









    <div id="availability_feature_div" class="feature" data-feature-name="availability">




    

    
    
    
        
            
                
	                
	                
	                	
















<div id="availability" class="a-section a-spacing-none">
    
    
    <span class="a-size-medium a-color-success">
        
            
            Auf Lager.
        
        
    </span>
    
    
    
</div>







  <div class="a-section a-spacing-none">
    
 </div>




    
        
    
    




	                
                
            
        
        
        
        
        
        
    
    
    

    















    </div>





        
        
    
        
        
        
        









    <div id="dynamicDeliveryMessage_feature_div" class="feature" data-feature-name="dynamicDeliveryMessage">




    

    
    
    
        
            
                
	                
	                
	                	



    
    
        
        
        
        
        
            
                
                    



    <div id="dynamicDeliveryMessage" class="a-section a-spacing-mini a-spacing-top-mini">
        
            
            <div id="ddmDeliveryMessage" class="a-section a-spacing-mini">
                
                    
                        <span class="a-text-bold">Lieferung Mittwoch, 25. Mai:</span> Bestellen Sie innerhalb <span id="ddmFastestCountdown" class="a-color-success">9 Stunden und 46 Minuten</span> per <span class="a-text-bold">Premiumversand</span> an der Kasse. <a href='/gp/help/customer/display.html/ref=ddm_ft_dp?ie=UTF8&nodeId=200281140&pop-up=1#' target='AmazonHelp' onclick="return amz_js_PopWin('/gp/help/customer/display.html/ref=ddm_ft_dp?ie=UTF8&nodeId=200281140&pop-up=1#','AmazonHelp','width=550,height=600,resizable=1,scrollbars=1,toolbar=1,status=1');">Siehe Details.</a>
                    
                    
                
            </div>
            
            
            
            
            
            
            
            
                <script type="text/javascript">
P.when("A","jQuery","cf").execute(function(A,$){
    window.registeredDDMCountdown || P.register("DDMCountdownComponent",function() {
        var countdonwHandler;
        return {
            init: function(ddmContext) {
                countdonwHandler || (countdonwHandler = new CountdownHandler(ddmContext));
            },
            start: function(fastSecondsLeftToOrder,cheapSecondsLeftToOrder) {
                countdonwHandler.start(fastSecondsLeftToOrder,cheapSecondsLeftToOrder);
            },
            stop: function() {
                countdonwHandler.stop();
            }
        };
    });
    window.registeredDDMCountdown = true;
    
    function CountdownHandler(ddmContext) {
        var strings = ddmContext.strings;
        var asin = ddmContext.asin;
        var shippingMessageSectionId = ddmContext.shippingMessageSectionId;
        var fastCountdownElementId = ddmContext.fastCountdownElementId;
        var cheapCountdownElementId = ddmContext.cheapCountdownElementId;
        var showAndInCountDown = ddmContext.showAndInCountDown;

        var fastCountdownTimer = null;
        var cheapCountdownTimer = null;

        this.start = function(fastSecondsLeftToOrder,cheapSecondsLeftToOrder) {
            this.stop();
            if (fastCountdownElementId && fastSecondsLeftToOrder > 0) {
                fastCountdownTimer = new CountdownTimer(strings,asin,shippingMessageSectionId,
                        fastCountdownElementId,fastSecondsLeftToOrder,showAndInCountDown);
                fastCountdownTimer.start();
            }
            if (cheapCountdownElementId && cheapSecondsLeftToOrder > 0) {
                cheapCountdownTimer = new CountdownTimer(strings,asin,shippingMessageSectionId,
                        cheapCountdownElementId,cheapSecondsLeftToOrder,showAndInCountDown);
                cheapCountdownTimer.start();
            }
        };
        this.stop = function() {
            if (fastCountdownTimer) {
                fastCountdownTimer.stop();
                fastCountdownTimer = null;
            }
            if (cheapCountdownTimer) {
                cheapCountdownTimer.stop();
                cheapCountdownTimer = null;
            }
        };
    };

    function CountdownTimer(strings, asin, shippingMessageSectionId, countdownElementId, secondsLeft,showAndInCountDown) {
        this.secondsLeft = secondsLeft;
        this.intervalHandle = null;

        this.start = function() {
            var thisObj = this;
            this.intervalHandle = A.interval(function(){
                if (thisObj) {
                    thisObj.updateCountdownText();
                }
            }, 1000);
        };

        this.stop = function() {
            if (this.intervalHandle) {
                window.clearInterval(this.intervalHandle);
            }
        };

        this.updateCountdownText = function() {
            this.secondsLeft --;
            if (this.secondsLeft > 0) {
                var remainMins = Math.floor(this.secondsLeft / 60);
                var minutes = remainMins % 60;
                var hours = Math.floor(remainMins / 60);
                var seconds = this.secondsLeft % 60;
                var hourString   = (hours > 1) ? strings.hours : strings.hour;
                var minuteString = (minutes > 1) ? strings.minutes : strings.minute;
                var secondString = (seconds > 1) ? strings.seconds : strings.second;
                var seperatorString = strings.timeSeperator;
                var andString = strings.and;

                var countdownText;
                if (hours > 0 && minutes > 0) {
                    if (showAndInCountDown) {
                        countdownText = hours + seperatorString + hourString + seperatorString + andString + seperatorString + minutes + seperatorString + minuteString;
                    } else {
                        countdownText = hours + seperatorString + hourString + seperatorString + minutes + seperatorString + minuteString;
                    }
                } else if ( hours > 0 && minutes == 0 ) {
                    countdownText = hours + seperatorString + hourString;
                } else if ( hours == 0 && minutes > 0 ) {
                    countdownText = minutes + seperatorString + minuteString;
                } else {
                    countdownText = seconds + seperatorString + secondString;
                }
                $(countdownElementId).html(countdownText);
            } else {
                this.stop();
                var refreshText = "<a href='/gp/product/"+asin+"'>"+strings.refreshTimeout+"</a>";
                $(shippingMessageSectionId).html(refreshText);
            }
        };
    };
});
</script>

            
            
            <script type="text/javascript">
                var context = {
                    strings: {
                        hour: "Stunde",
                        hours: "Stunden",
                        minute: "Minute",
                        minutes: "Minuten",
                        second: "Sekunde",
                        seconds: "Sekunden",
                        refreshTimeout: "Klicken Sie hier, um das neue voraussichtliche Lieferdatum zu sehen.",
                        timeSeperator: " ",
                        and: "und",
                        serverBusy: "Der Server ist leider gerade nicht verfügbar. Bitte versuchen Sie es später noch einmal."
                    },
                    fastCountdownElementId: "#ddmFastestCountdown",
                    cheapCountdownElementId: null,
                    shippingMessageSectionId: "#ddmDeliveryMessage",
                    asin: "B00BSNACII",showAndInCountDown: true
                };
                P.when("A", "jQuery").execute(function (A, $) {
                    var showVhvFeature = function() {
                        $("#veryHighValueMessage").removeClass("a-hidden");
                    };
                    var hideVhvFeature = function() {
                        $("#veryHighValueMessage").addClass("a-hidden"); 
                    };
                    P.when("DDMCountdownComponent").execute(function (countDownComp) {
                        countDownComp.init(context);
                        countDownComp.start(35206, 0);
                    });
                    
                    if (true) {
                        showVhvFeature();
                    } else {
                        hideVhvFeature();
                    }
                });
            </script>
        
    </div>

                
                
            
        
    


	                
                
            
        
        
        
        
        
        
    
    
    

    















    </div>





        
        
    
        
        
        
        









    <div id="shipsFromSoldBy_feature_div" class="feature" data-feature-name="shipsFromSoldBy">




    

    
    
    
        
            
                
	                
	                
	                	











<div id="merchant-info" class="a-section a-spacing-mini">
    
    

    
        
        
    

    
    
    
    
    
        Verkauf und Versand durch Amazon.
    
    

        
        
        
        
        
        
        Geschenkverpackung verfügbar.
        
        



</div>






	                
                
            
        
        
        
        
        
        
    
    
    

    















    </div>





        
        
    
        
        
        
        









    <div id="smileEligibility_feature_div" class="feature" data-feature-name="smileEligibility">




    

    
    
    
        
            
                
	                
	                
	                	





	                
                
            
        
        
        
        
        
        
    
    
    

    















    </div>





        
        
    
        
        
        
        






        
        
    
        
        
        
        









    <div id="holidayAvailabilityMessage_feature_div" class="feature" data-feature-name="holidayAvailabilityMessage">




    

    
    
    
        
            
                
	                
	                
	                	




	                
                
            
        
        
        
        
        
        
    
    
    

    















    </div>





        
        
    
        
        
        
        






        
        
    
        
        
        
        









    <div id="olp_feature_div" class="feature" data-feature-name="olp">




    

    
    
    
        
            
                
	                
	                
	                	











    



    <div class="a-section a-spacing-small a-spacing-top-small">
        
            <span class="olp-padding-right"><a href="/gp/offer-listing/B00BSNACII/ref=dp_olp_new?ie=UTF8&amp;condition=new">10&nbsp;neu</a>&nbsp;ab&nbsp;<span class='a-color-price'>EUR 39,80</span></span>
        

        

        
        
        
        
    </div>


	                
                
            
        
        
        
        
        
        
    
    
    

    















    </div>





        
        
    
        
        
        
        









    <div id="twister_feature_div" class="feature" data-feature-name="twister">




    

    
    
    
        
            
                
	                
	                
	                	






    
    
    
    
    
    
    
    
    
    
    
    	
    
    
    
      
    
   
   
    <div id="twisterContainer" class="addTwisterMargin" style="max-width:none">
        
            





        
        <form id="twister" action="/gp/product/handle-buy-box/ref=dp_start-bbf_1_glance" method="post" class="a-section a-spacing-small   " >
            



<span id="twisterNonJsData">
    <input type="hidden" name="ASIN" value="B013USRV1E">
    <input type="hidden" name="twisterDimKeys" value="size_name">
    <input type="hidden" name="noOfDims" value="1">
    <input type="hidden" name="" id="dummySubmitButton">
</span>
            
            
                
                
                    
                        


<div id="variation_size_name" class="a-section a-spacing-small">
    <div class="a-row a-spacing-micro singleton">
        <label>
            Größe:
        </label>
        
            <span class="selection">4 x 600g</span>
        

                    
    </div>
</div>

                    
                    
                    
                    
                    
                    
                    
                
            
        </form>
        
    </div>

    
    


	                
                
            
        
        
        
        
        
        
    
    
    

    






    










    </div>





        
        
    
        
        
        
        






        
        
    
        
        
        
        






        
        
    
        
        
        
        






        
        
    
        
        
        
        






        
        
    
        
        
        
        









    <div id="clickToContact_feature_div" class="feature" data-feature-name="clickToContact">




    

    
    
    
        
        
        
            
                
                    



                
                
            
        
        
        
        
    
    
    

    















    </div>





        
        
    
        
        
        
        









    <div id="featurebullets_feature_div" class="feature" data-feature-name="featurebullets">




    

    
    
    
        
            
                
	                
	                
	                	


<div id="feature-bullets" class="a-section a-spacing-medium a-spacing-top-small">
	
		
			
                               <ul class="a-vertical a-spacing-none">
					
					
						<li><span class="a-list-item"> Für eine gesunde Zukunft Ihres Kindes</span></li>
					
						<li><span class="a-list-item"> Aptamil Kindermilch 1+ eignet sich für Kleinkinder ab 1 Jahr als Milchgetränk zum Frühstück, Abendessen oder für zwischendurch</span></li>
					
						<li><span class="a-list-item"> Rezeptur entspricht den neuesten Empfehlungen zur Zusammensetzung</span></li>
					
						<li><span class="a-list-item"> mit Vitamin A, C & D - trägt auf natürliche Weise zu einem gesunden Immunsystem bei</span></li>
					
						<li><span class="a-list-item"> mit Vitamin D und Calcium - für das normale Wachstum und die Entwicklung der Knochen und mit altersgerecht reduziertem Eiweißgehalt</span></li>
					
				</ul>
			
			
		

		

		
			
			<div class="a-section">
			    <span class="caretnext">&#155;</span>
			    <a id="seeMoreDetailsLink" class="a-link-normal" href="#productDetails">Weitere Produktdetails</a>
			</div>
		

	
</div>

	                
                
            
        
        
        
        
        
        
    
    
    

    















    </div>





        
        
    
        
        
        
        









    <div id="addOnItem_feature_div" class="feature" data-feature-name="addOnItem">




    

    
    
    
        
            
                
	                
	                
	                	




	                
                
            
        
        
        
        
        
        
    
    
    

    















    </div>





        
        
    
        
        
        
        









    <div id="snsPromo_feature_div" class="feature" data-feature-name="snsPromo">




    

    
    
    
        
            
                
	                
	                
	                	





	                
                
            
        
        
        
        
        
        
    
    
    

    















    </div>





        
        
    
        
        
        
        









    <div id="andon-cord-pulling_feature_div" class="feature" data-feature-name="andonCordPulling">




    

    
    
    
        
        
        
        
        
        
    
    
    

    















    </div>





        
        
    
        
        
        
        









    <div id="originalPackagingMessage_feature_div" class="feature" data-feature-name="originalPackagingMessage">




    

    
    
    
        
            
                
	                
	                
	                	




	                
                
            
        
        
        
        
        
        
    
    
    

    















    </div>





        
        
    
        
        
        
        









    <div id="ageWarning_feature_div" class="feature" data-feature-name="ageWarning">




    

    
    
    
        
            
                
	                
	                
	                	



	                
                
            
        
        
        
        
        
        
    
    
    

    















    </div>





        
        
    
        
        
        
        









    <div id="newerVersion_feature_div" class="feature" data-feature-name="newerVersion">




    

    
    
    
        
            
                
	                
	                
	                	




    <div id="newer-version" class="a-row a-float-left">
        <hr class="a-spacing-small a-divider-normal">
        
		<h4>Für diesen Artikel ist eine neuere Version vorhanden:</h4>
        <div class="a-fixed-left-grid"><div class="a-fixed-left-grid-inner" style="padding-left:80px">
            <div class="a-fixed-left-grid-col a-col-left" style="width:80px;margin-left:-80px;_margin-left:-40px;float:left;">
                <div class="a-row">
                    <a class="a-link-normal" href="/APTAMIL-KINDERMILCH-PLUS-600G-Pack/dp/B014JFOLFQ/ref=dp_ob_image_grocery">
                        <img alt="APTAMIL KINDERMILCH PLUS 1+ 600G (5er Pack)" src="http://ecx.images-amazon.com/images/I/51uOF1RLpFL._SL75_.jpg">
                    </a>
                </div>
            </div>
            <div class="a-fixed-left-grid-col a-col-right" style="padding-left:0%;*width:99.6%;float:left;">
                <a class="a-size-base a-link-normal" href="/APTAMIL-KINDERMILCH-PLUS-600G-Pack/dp/B014JFOLFQ/ref=dp_ob_title_grocery">APTAMIL KINDERMILCH PLUS 1+ 600G (5er Pack)</a>
                <br>
                

                

                 
            </div>
        </div></div>
    </div>
    <span class="a-letter-space"></span>


	                
                
            
        
        
        
        
        
        
    
    
    

    















    </div>





        
        
    
        
        
        
        









    <div id="productAlert_feature_div" class="feature" data-feature-name="productAlert">




    

    
    
    
        
        
        
        
        
        
    
    
    

    















    </div>





        
        
    
        
        
        
        









    <div id="vendorPoweredCoupon_feature_div" class="feature" data-feature-name="vendorPoweredCoupon">




    

    
    
    
        
            
                
	                
	                
	                	

	                
                
            
        
        
        
        
        
        
    
    
    

    















    </div>





        
        
    
        
        
        
        






        
        
    
</div>

<div id="hqpWrapper" class="centerColAlign">
    
        
        
        
        









    <div id="heroQuickPromo_feature_div" class="feature" data-feature-name="heroQuickPromo">




    

    
    
    
        
        
        
        
        
        

<div id="hero-quick-promo-grid_feature_div">



<div id="hero-quick-promo" class="a-row a-spacing-medium">
    
    <hr class="a-spacing-medium a-divider-normal">
    







<div id="universal-hero-quick-promo">


<div class="a-section a-spacing-none">
    <div class="a-fixed-left-grid"><div class="a-fixed-left-grid-inner" style="padding-left:75px">
        <style type="text/css">
            .a-fixed-left-grid .a-fixed-left-grid-inner::after {clear:left;}
        </style>

        <div class="a-fixed-left-grid-col a-col-left" style="width:75px;margin-left:-75px;_margin-left:-37.5px;float:left;">
            <a class="a-link-normal" href="/b?node=9501653031&pf_rd_p=900113807&pf_rd_s=hero-quick-promo&pf_rd_t=201&pf_rd_i=B00BSNACII&pf_rd_m=A3JWKAKR8XB7XF&pf_rd_r=0K8TTEBZSQ1S50KDN22N">
                <img alt="" src="http://g-ecx.images-amazon.com/images/G/03/grocery/bio_clean_eating/promotion/HQP2._SS75_CB294398614_.jpg" class="a-dynamic-image" height="75" width="75" data-a-dynamic-image="{}">
            </a>
        </div>

        <div class="a-fixed-left-grid-col a-col-right" style="padding-left:3.5%;*width:96.1%;float:left;">
            <div class="a-row">
                <span class="a-text-bold">Bio- & Clean Eating Store</span>
            </div>

            <div class="a-row">
                Gesund und bewusst ernähren. 
 <a class="a-link-normal" title="Hier geht&#39;s zum Store" href="/b?node=9501653031&pf_rd_p=900113807&pf_rd_s=hero-quick-promo&pf_rd_t=201&pf_rd_i=B00BSNACII&pf_rd_m=A3JWKAKR8XB7XF&pf_rd_r=0K8TTEBZSQ1S50KDN22N">Hier geht's zum Store</a>
            </div>
        </div>
    </div></div>
</div>
</div>


  
</div>
<div style="clear:left; margin-bottom:5px"></div>

</div>

    
    
    

    















    </div>





        
        
    
</div>

<script type="text/javascript">setCSMReq('af');if(typeof addlongPoleTag === 'function'){ addlongPoleTag('af','desktop-html-atf-marker');};</script>

<div id="hover-zoom-end" class="a-section a-spacing-small a-padding-mini"></div>

<div id="bottomRow">
    
        
        
        
        









    <div id="bundle_feature_div" class="feature" data-feature-name="bundle">




    

    
    
    
        
            
                
	                
	                
	                	





	                
                
            
        
        
        
        
        
        
    
    
    

    















    </div>





        
        
    
        
        
        
        









    <div id="twisterJsInitializer_feature_div" class="feature" data-feature-name="twisterJsInitializer">




    

    
    
    
        
            
                
	                
	                
	                	





    
    
    




<script type="text/javascript">
P.register('twister-js-init-dpx-data', function() {
    var dataToReturn = {
        "dimensionsDisplayType"  : [
            "singleton",
        ],
        "isImmersiveExperience" : false,
        "immersiveBannersPresent" : true,
        "immersivePartialStateMessage" : "",
        "immersiveFullySelectedStateMessage" : "",
        "multiDimensionWeblabEnabled" : false, 
        "dimensionSelectionData" : [{"isSelected":1,"isRequired":0}],
        "updateDivLists" : {
                "full"    : [{"updateOnHover":0,"divToUpdate":"instantOrderUpdate_feature_div","customClientFunction":0,"isPrefetchable":1,"loadingBar":0},{"updateOnHover":0,"divToUpdate":"companyCompliancePolicies_feature_div","customClientFunction":0,"isPrefetchable":1,"loadingBar":0},{"updateOnHover":0,"divToUpdate":"thumbs-image","customClientFunction":1,"isPrefetchable":1,"loadingBar":0},{"updateOnHover":1,"divToUpdate":"twister-main-image","customClientFunction":1,"isPrefetchable":1,"loadingBar":0},{"updateOnHover":0,"divToUpdate":"machineTranslation_feature_div","customClientFunction":0,"isPrefetchable":1,"loadingBar":0},{"updateOnHover":0,"divToUpdate":"title_feature_div","customClientFunction":0,"isPrefetchable":1,"loadingBar":0},{"updateOnHover":0,"divToUpdate":"brandByline_feature_div","customClientFunction":0,"isPrefetchable":1,"loadingBar":0},{"updateOnHover":0,"divToUpdate":"averageCustomerReviews_feature_div","customClientFunction":0,"isPrefetchable":1,"loadingBar":0},{"updateOnHover":0,"divToUpdate":"ask_feature_div","customClientFunction":0,"isPrefetchable":1,"loadingBar":0},{"updateOnHover":0,"divToUpdate":"zeitgeistBadge_feature_div","customClientFunction":0,"isPrefetchable":1,"loadingBar":0},{"updateOnHover":0,"divToUpdate":"price_feature_div","customClientFunction":0,"isPrefetchable":1,"loadingBar":0},{"updateOnHover":0,"divToUpdate":"pmpux_feature_div","customClientFunction":0,"isPrefetchable":1,"loadingBar":0},{"updateOnHover":0,"divToUpdate":"primenote_feature_div","customClientFunction":0,"isPrefetchable":1,"loadingBar":0},{"updateOnHover":0,"divToUpdate":"availability_feature_div","customClientFunction":0,"isPrefetchable":1,"loadingBar":0},{"updateOnHover":0,"divToUpdate":"dynamicDeliveryMessage_feature_div","customClientFunction":0,"isPrefetchable":1,"loadingBar":0},{"updateOnHover":0,"divToUpdate":"shipsFromSoldBy_feature_div","customClientFunction":0,"isPrefetchable":1,"loadingBar":0},{"updateOnHover":0,"divToUpdate":"smileEligibility_feature_div","customClientFunction":0,"isPrefetchable":1,"loadingBar":0},{"updateOnHover":0,"divToUpdate":"holidayAvailabilityMessage_feature_div","customClientFunction":0,"isPrefetchable":1,"loadingBar":0},{"updateOnHover":0,"divToUpdate":"olp_feature_div","customClientFunction":0,"isPrefetchable":1,"loadingBar":0},{"updateOnHover":0,"divToUpdate":"clickToContact_feature_div","customClientFunction":0,"isPrefetchable":1,"loadingBar":0},{"updateOnHover":0,"divToUpdate":"featurebullets_feature_div","customClientFunction":0,"isPrefetchable":1,"loadingBar":1},{"updateOnHover":0,"divToUpdate":"addOnItem_feature_div","customClientFunction":0,"isPrefetchable":1,"loadingBar":0},{"updateOnHover":0,"divToUpdate":"snsPromo_feature_div","customClientFunction":0,"isPrefetchable":1,"loadingBar":0},{"updateOnHover":0,"divToUpdate":"originalPackagingMessage_feature_div","customClientFunction":0,"isPrefetchable":1,"loadingBar":0},{"updateOnHover":0,"divToUpdate":"ageWarning_feature_div","customClientFunction":0,"isPrefetchable":1,"loadingBar":0},{"updateOnHover":0,"divToUpdate":"newerVersion_feature_div","customClientFunction":0,"isPrefetchable":1,"loadingBar":0},{"updateOnHover":0,"divToUpdate":"vendorPoweredCoupon_feature_div","customClientFunction":0,"isPrefetchable":1,"loadingBar":0},{"updateOnHover":0,"divToUpdate":"tellAFriendBox_feature_div","customClientFunction":0,"isPrefetchable":1,"loadingBar":0},{"updateOnHover":0,"divToUpdate":"buybox_feature_div","customClientFunction":0,"isPrefetchable":1,"loadingBar":0},{"updateOnHover":0,"divToUpdate":"moreBuyingChoices_feature_div","customClientFunction":0,"isPrefetchable":1,"loadingBar":1},{"updateOnHover":0,"divToUpdate":"product-ads-feedback_feature_div","customClientFunction":0,"isPrefetchable":1,"loadingBar":0},{"updateOnHover":0,"divToUpdate":"servicesInterstitial_feature_div","customClientFunction":0,"isPrefetchable":1,"loadingBar":0},{"updateOnHover":0,"divToUpdate":"bundle_feature_div","customClientFunction":0,"isPrefetchable":1,"loadingBar":0},{"updateOnHover":0,"divToUpdate":"productDescription_feature_div","customClientFunction":0,"isPrefetchable":1,"loadingBar":0},{"updateOnHover":0,"divToUpdate":"aplus_feature_div","customClientFunction":0,"isPrefetchable":1,"loadingBar":0}],
                "partial" : [{"updateOnHover":0,"divToUpdate":"thumbs-image","customClientFunction":1,"isPrefetchable":1,"loadingBar":0},{"updateOnHover":1,"divToUpdate":"twister-main-image","customClientFunction":1,"isPrefetchable":1,"loadingBar":0},{"updateOnHover":0,"divToUpdate":"tellAFriendBox_feature_div","customClientFunction":0,"isPrefetchable":1,"loadingBar":0},{"updateOnHover":0,"divToUpdate":"aplus_feature_div","customClientFunction":0,"isPrefetchable":1,"loadingBar":0}],
                "parent"  : [{"updateOnHover":0,"divToUpdate":"instantOrderUpdate_feature_div","customClientFunction":0,"isPrefetchable":1,"loadingBar":0},{"updateOnHover":0,"divToUpdate":"companyCompliancePolicies_feature_div","customClientFunction":0,"isPrefetchable":1,"loadingBar":0},{"updateOnHover":0,"divToUpdate":"machineTranslation_feature_div","customClientFunction":0,"isPrefetchable":1,"loadingBar":0},{"updateOnHover":0,"divToUpdate":"title_feature_div","customClientFunction":0,"isPrefetchable":1,"loadingBar":0},{"updateOnHover":0,"divToUpdate":"brandByline_feature_div","customClientFunction":0,"isPrefetchable":1,"loadingBar":0},{"updateOnHover":0,"divToUpdate":"averageCustomerReviews_feature_div","customClientFunction":0,"isPrefetchable":1,"loadingBar":0},{"updateOnHover":0,"divToUpdate":"ask_feature_div","customClientFunction":0,"isPrefetchable":1,"loadingBar":0},{"updateOnHover":0,"divToUpdate":"zeitgeistBadge_feature_div","customClientFunction":0,"isPrefetchable":1,"loadingBar":0},{"updateOnHover":0,"divToUpdate":"price_feature_div","customClientFunction":0,"isPrefetchable":1,"loadingBar":0},{"updateOnHover":0,"divToUpdate":"pmpux_feature_div","customClientFunction":0,"isPrefetchable":1,"loadingBar":0},{"updateOnHover":0,"divToUpdate":"primenote_feature_div","customClientFunction":0,"isPrefetchable":1,"loadingBar":0},{"updateOnHover":0,"divToUpdate":"availability_feature_div","customClientFunction":0,"isPrefetchable":1,"loadingBar":0},{"updateOnHover":0,"divToUpdate":"dynamicDeliveryMessage_feature_div","customClientFunction":0,"isPrefetchable":1,"loadingBar":0},{"updateOnHover":0,"divToUpdate":"shipsFromSoldBy_feature_div","customClientFunction":0,"isPrefetchable":1,"loadingBar":0},{"updateOnHover":0,"divToUpdate":"smileEligibility_feature_div","customClientFunction":0,"isPrefetchable":1,"loadingBar":0},{"updateOnHover":0,"divToUpdate":"holidayAvailabilityMessage_feature_div","customClientFunction":0,"isPrefetchable":1,"loadingBar":0},{"updateOnHover":0,"divToUpdate":"olp_feature_div","customClientFunction":0,"isPrefetchable":1,"loadingBar":0},{"updateOnHover":0,"divToUpdate":"clickToContact_feature_div","customClientFunction":0,"isPrefetchable":1,"loadingBar":0},{"updateOnHover":0,"divToUpdate":"featurebullets_feature_div","customClientFunction":0,"isPrefetchable":1,"loadingBar":1},{"updateOnHover":0,"divToUpdate":"addOnItem_feature_div","customClientFunction":0,"isPrefetchable":1,"loadingBar":0},{"updateOnHover":0,"divToUpdate":"snsPromo_feature_div","customClientFunction":0,"isPrefetchable":1,"loadingBar":0},{"updateOnHover":0,"divToUpdate":"originalPackagingMessage_feature_div","customClientFunction":0,"isPrefetchable":1,"loadingBar":0},{"updateOnHover":0,"divToUpdate":"ageWarning_feature_div","customClientFunction":0,"isPrefetchable":1,"loadingBar":0},{"updateOnHover":0,"divToUpdate":"newerVersion_feature_div","customClientFunction":0,"isPrefetchable":1,"loadingBar":0},{"updateOnHover":0,"divToUpdate":"vendorPoweredCoupon_feature_div","customClientFunction":0,"isPrefetchable":1,"loadingBar":0},{"updateOnHover":0,"divToUpdate":"buybox_feature_div","customClientFunction":0,"isPrefetchable":1,"loadingBar":0},{"updateOnHover":0,"divToUpdate":"moreBuyingChoices_feature_div","customClientFunction":0,"isPrefetchable":1,"loadingBar":1},{"updateOnHover":0,"divToUpdate":"product-ads-feedback_feature_div","customClientFunction":0,"isPrefetchable":1,"loadingBar":0},{"updateOnHover":0,"divToUpdate":"servicesInterstitial_feature_div","customClientFunction":0,"isPrefetchable":1,"loadingBar":0},{"updateOnHover":0,"divToUpdate":"bundle_feature_div","customClientFunction":0,"isPrefetchable":1,"loadingBar":0},{"updateOnHover":0,"divToUpdate":"productDescription_feature_div","customClientFunction":0,"isPrefetchable":1,"loadingBar":0}],
                "master"  : []
        },
        "dpEnvironment" : "hardlines",   
        "ajaxUrlParams" : "&exclusiveMerchantId=A3JWKAKR8XB7XF&productTypeDefinition=GROCERY&productGroupId=grocery_display_on_website&parentAsin=B013USRV1E&isPrime=0&isOneClickEnabled=0&fastRenderTreatment=C",
        "isImmersiveViewEnabled" : false,
        "isImmersiveViewEnabledOnDim" : [
                   false,
                   ],
        "isSlotsEnabled" : [
                            false,
                            ],
        "maxSwatchesForImmersiveView"  : [0,],
        "dimensionsDisplaySubType"  : ["",]
        
        
        ,"displayTypeProperties"  : [
             
                 
                 
                 {}
             
             ]
        
    };
    return dataToReturn;
});
</script>


	                
                
            
        
        
        
        
        
        
    
    
    

    















    </div>





        
        
    
</div>









<!-- MarkAF -->

    







 
 






<div id="buyxgety_feature_div">






    
    
    














    <div id='sims-fbt' class='bucket'>
        <hr class="a-divider-normal bucketDivider"><h2>Wird oft zusammen gekauft</h2>
        <div id="sims-fbt-container" data-p13n-feature-metadata="{&quot;baseAsin&quot;:&quot;B00BSNACII&quot;,&quot;has_seller_difference&quot;:&quot;0&quot;,&quot;has_diff_avail&quot;:&quot;0&quot;}" data-p13n-feature-name="pd_bxgy_325" data-p13n-global="{&quot;marketplace&quot;:&quot;DE&quot;,&quot;requestId&quot;:&quot;0K8TTEBZSQ1S50KDN22N&quot;,&quot;marketplaceId&quot;:&quot;A1PA6795UKMFR9&quot;,&quot;session&quot;:&quot;277-7281789-8489225&quot;}" class="a-container">
            <div id='sims-fbt-content'>
                <form id="sims-fbt-form" name="BuyXGetYhandleBuy" method="post" action="/gp/item-dispatch/ref=pd_bxgy_325_button_crt/277-7281789-8489225?ie=UTF8&refRID=0K8TTEBZSQ1S50KDN22N" autocomplete="off">
                <input type="hidden" name="session-id" value="277-7281789-8489225"><input type="hidden" name="discoveredAsins.1" value="B00BSNAC9C"><input type="hidden" name="discoveredAsins.2" value="B00FF6EHI0">
                <div>
                    <ul class="a-nostyle a-horizontal a-spacing-base a-spacing-top-base sims-fbt-image-box">
        <li class="a-align-center sims-fbt-image-1"><span class="a-list-item"><div class="a-section"><img alt="Aptamil Kindermilch 1+ ab 1 Jahr, 4er Pack (4 x 600 g)" src="http://ecx.images-amazon.com/images/I/51Lfv-i-z6L._AC_UL115_.jpg" class="sims-fbt-image"></div></span></li><li class="a-align-center sims-fbt-plus-2"><span class="a-list-item a-size-large a-color-tertiary">+</span></li><li class="a-align-center sims-fbt-image-2"><span class="a-list-item"><a class="a-link-normal" href="/Aptamil-Kindermilch-Jahren-4er-Pack/dp/B00BSNAC9C/ref=pd_bxgy_325_img_2/277-7281789-8489225?ie=UTF8&refRID=0K8TTEBZSQ1S50KDN22N"><div class="a-section"><img alt="Aptamil Kindermilch 2+ ab 2 Jahren, 4er Pack (4 x 600 g)" src="http://ecx.images-amazon.com/images/I/51-0dVWuw4L._AC_UL115_.jpg" class="sims-fbt-image"></div></a></span></li><li class="a-align-center sims-fbt-plus-3"><span class="a-list-item a-size-large a-color-tertiary">+</span></li><li class="a-align-center sims-fbt-image-3"><span class="a-list-item"><a class="a-link-normal" href="/Aptamil-Pronutra-Folgemilch-nach-Monat/dp/B00FF6EHI0/ref=pd_bxgy_325_img_3/277-7281789-8489225?ie=UTF8&refRID=0K8TTEBZSQ1S50KDN22N"><div class="a-section"><img alt="Aptamil Pronutra 2 Folgemilch, nach dem 6. Monat, 3er Pack (3 x 1.2 kg)" src="http://ecx.images-amazon.com/images/I/51ar2wnGeJL._AC_UL115_.jpg" class="sims-fbt-image"></div></a></span></li>
        </ul>
                    <div class='sims-fbt-price-box'>
                        <div class='sims-fbt-total-price'><span class="a-size-base a-color-secondary sims-fbt-total-price-text">Gesamtpreis: </span><span class="a-size-medium a-color-price sims-fbt-total-price-value">EUR 139,28</span></div>
                        <div class='sims-fbt-buttons'><div class="a-button-stack a-spacing-mini">
                            <span class="a-button a-button-primary a-button-small sims-fbt-add-to-cart"><span class="a-button-inner"><input name="submit.addToCart" class="a-button-input" type="submit"><span class="a-button-text" aria-hidden="true">Alle drei in den Einkaufswagen</span></span></span>
                            
                        </div></div>
                        <script type="a-state" data-a-state="{&quot;key&quot;:&quot;sims-fbt&quot;}">{"addToCartText":{"1":"In den Einkaufswagen","3":"Alle drei in den Einkaufswagen","2":"Beides in den Einkaufswagen"},"allOfferListingIDs":["FL8Rdnv2KTfzLuppvmSSpsdPJEDSsPzvb%2BofqzeMA2%2BBhUecKpA8qIXHe52llah%2FPRWCKqKRPzkG%2F2AKeY9P7lMwxtKhl03fH6u5FR%2FKskQ%3D","49qgzE3LJs1MXn%2B62T%2Bo4evhBAbEjQJ0MAwBUxXsmo6Wr2gIbuE1uBSn46Fsu2MtwYOsBBkqBUnVNu8xXwDH9R%2BnFs%2BO3dSLgJARMcabz8I%3D","WziphkUsi1dYDD%2BSrZ0O4GRA60fGOE6072tev2URmHzEN0ipcD%2Bk7Oe5Af6nILbZ4J6ef44lTfPFHTHx1SfgJpjyKdyMVMvcVZQ3tHDwKag%3D"],"currencySymbol":"EUR <span class=\"sims-fbt-price-value\"></span>","currencyCode":"EUR","MAPText":"Um unseren Preis zu sehen, legen Sie diese Artikel in Ihren Einkaufswagen. <a class=\"a-link-normal sims-fbt-map-details-link\" href=\"/gp/feature.html/ref=pd_bxgy_325_map/277-7281789-8489225?ie=UTF8&docId=174014&refRID=0K8TTEBZSQ1S50KDN22N\">Warum zeigen wir den Preis nicht an?</a>","shippingDetails":{"123":"same","23":"same","13":"same","12":"same"},"itemDetails":{"49qgzE3LJs1MXn%2B62T%2Bo4evhBAbEjQJ0MAwBUxXsmo6Wr2gIbuE1uBSn46Fsu2MtwYOsBBkqBUnVNu8xXwDH9R%2BnFs%2BO3dSLgJARMcabz8I%3D":{"asin":"B00BSNAC9C","isPreorder":0,"price":39.8,"doesMAPPolicyApply":0},"FL8Rdnv2KTfzLuppvmSSpsdPJEDSsPzvb%2BofqzeMA2%2BBhUecKpA8qIXHe52llah%2FPRWCKqKRPzkG%2F2AKeY9P7lMwxtKhl03fH6u5FR%2FKskQ%3D":{"asin":"B00BSNACII","isPreorder":0,"price":39.8,"doesMAPPolicyApply":0},"WziphkUsi1dYDD%2BSrZ0O4GRA60fGOE6072tev2URmHzEN0ipcD%2Bk7Oe5Af6nILbZ4J6ef44lTfPFHTHx1SfgJpjyKdyMVMvcVZQ3tHDwKag%3D":{"asin":"B00FF6EHI0","isPreorder":0,"price":59.68,"doesMAPPolicyApply":0}},"addToWishListText":{"1":"Zum Wunschzettel hinzufügen","3":"Alle drei zum Wunschzettel hinzufügen","2":"Beide zum Wunschzettel hinzufügen"},"preOrderText":null,"fbtStrings":null}</script>
                    </div>
                </div>
                
                <div class='sims-fbt-rows'><fieldset class="forScreenreaders"><legend><span>Die ausgewählten Artikel zusammen kaufen</span></legend><ul class="a-nostyle a-vertical"><li data-p13n-asin-metadata="{&quot;ref&quot;:&quot;pd_bxgy_325_1_1&quot;,&quot;price&quot;:39.8,&quot;asin&quot;:&quot;B00BSNACII&quot;}" class="a-spacing-mini p13n-asin"><span class="a-list-item"><span class="a-declarative" data-action="fbt-checkbox-click" data-fbt-checkbox-click="{&quot;itemNum&quot;:&quot;1&quot;,&quot;offerListingID&quot;:&quot;FL8Rdnv2KTfzLuppvmSSpsdPJEDSsPzvb%2BofqzeMA2%2BBhUecKpA8qIXHe52llah%2FPRWCKqKRPzkG%2F2AKeY9P7lMwxtKhl03fH6u5FR%2FKskQ%3D&quot;,&quot;asin&quot;:&quot;B00BSNACII&quot;}"><div data-a-input-name="offeringID.1" class="a-checkbox sims-fbt-checkbox"><label><input type="checkbox" name="offeringID.1" value="FL8Rdnv2KTfzLuppvmSSpsdPJEDSsPzvb%2BofqzeMA2%2BBhUecKpA8qIXHe52llah%2FPRWCKqKRPzkG%2F2AKeY9P7lMwxtKhl03fH6u5FR%2FKskQ%3D" checked><i class="a-icon a-icon-checkbox"></i><span class="a-label a-checkbox-label"><div class = 'sims-fbt-checkbox-label'><span class="sims-fbt-this-item a-text-bold">Dieser Artikel:</span><span>Aptamil Kindermilch 1+ ab 1 Jahr, 4er Pack (4 x 600 g)</span> <span class="a-color-price">EUR 39,80<span class="a-size-small a-color-secondary sims-fbt-price-ppu">(EUR 16,58 /  kg)</span></span> <div class="a-row a-spacing-micro a-spacing-top-micro a-size-small a-color-secondary sims-fbt-seller-info"><div class="a-row"><span class="a-size-base a-color-success">Auf Lager.</span></div><div class="a-row"><span class="a-size-base a-color-secondary a-text-normal">Versandt und verkauft von Amazon.de.</span></div><div class="a-row"><span class="a-size-base a-color-secondary a-text-normal"><b>Kostenlose Lieferung.</b> <a class="a-link-normal sims-fbt-details-help-link" target="AmazonHelp" href="/gp/help/customer/display.html/ref=pd_bxgy_325_1_sdc_sdc_1/277-7281789-8489225?ie=UTF8&nodeId=504950&pop-up=1&refRID=0K8TTEBZSQ1S50KDN22N">Details</a></span></div></div></div></span></label></div></span></span></li><li data-p13n-asin-metadata="{&quot;ref&quot;:&quot;pd_bxgy_325_2_2&quot;,&quot;price&quot;:39.8,&quot;asin&quot;:&quot;B00BSNAC9C&quot;}" class="a-spacing-mini p13n-asin"><span class="a-list-item"><span class="a-declarative" data-action="fbt-checkbox-click" data-fbt-checkbox-click="{&quot;itemNum&quot;:&quot;2&quot;,&quot;offerListingID&quot;:&quot;49qgzE3LJs1MXn%2B62T%2Bo4evhBAbEjQJ0MAwBUxXsmo6Wr2gIbuE1uBSn46Fsu2MtwYOsBBkqBUnVNu8xXwDH9R%2BnFs%2BO3dSLgJARMcabz8I%3D&quot;,&quot;asin&quot;:&quot;B00BSNAC9C&quot;}"><div data-a-input-name="offeringID.2" class="a-checkbox sims-fbt-checkbox"><label><input type="checkbox" name="offeringID.2" value="49qgzE3LJs1MXn%2B62T%2Bo4evhBAbEjQJ0MAwBUxXsmo6Wr2gIbuE1uBSn46Fsu2MtwYOsBBkqBUnVNu8xXwDH9R%2BnFs%2BO3dSLgJARMcabz8I%3D" checked><i class="a-icon a-icon-checkbox"></i><span class="a-label a-checkbox-label"><div class = 'sims-fbt-checkbox-label'><a class="a-size-base a-link-normal" href="/Aptamil-Kindermilch-Jahren-4er-Pack/dp/B00BSNAC9C/ref=pd_bxgy_325_2/277-7281789-8489225?ie=UTF8&refRID=0K8TTEBZSQ1S50KDN22N">Aptamil Kindermilch 2+ ab 2 Jahren, 4er Pack (4 x 600 g)</a> <span class="a-color-price">EUR 39,80<span class="a-size-small a-color-secondary sims-fbt-price-ppu">(EUR 16,58 /  kg)</span></span> <div class="a-row a-spacing-micro a-spacing-top-micro a-size-small a-color-secondary sims-fbt-seller-info"><div class="a-row"><span class="a-size-base a-color-success">Auf Lager.</span></div><div class="a-row"><span class="a-size-base a-color-secondary a-text-normal">Versandt und verkauft von Amazon.de.</span></div><div class="a-row"><span class="a-size-base a-color-secondary a-text-normal"><b>Kostenlose Lieferung.</b> <a class="a-link-normal sims-fbt-details-help-link" target="AmazonHelp" href="/gp/help/customer/display.html/ref=pd_bxgy_325_2_sdc_sdc_2/277-7281789-8489225?ie=UTF8&nodeId=504950&pop-up=1&refRID=0K8TTEBZSQ1S50KDN22N">Details</a></span></div></div></div></span></label></div></span></span></li><li data-p13n-asin-metadata="{&quot;ref&quot;:&quot;pd_bxgy_325_3_3&quot;,&quot;price&quot;:59.68,&quot;asin&quot;:&quot;B00FF6EHI0&quot;}" class="a-spacing-mini p13n-asin"><span class="a-list-item"><span class="a-declarative" data-action="fbt-checkbox-click" data-fbt-checkbox-click="{&quot;itemNum&quot;:&quot;3&quot;,&quot;offerListingID&quot;:&quot;WziphkUsi1dYDD%2BSrZ0O4GRA60fGOE6072tev2URmHzEN0ipcD%2Bk7Oe5Af6nILbZ4J6ef44lTfPFHTHx1SfgJpjyKdyMVMvcVZQ3tHDwKag%3D&quot;,&quot;asin&quot;:&quot;B00FF6EHI0&quot;}"><div data-a-input-name="offeringID.3" class="a-checkbox sims-fbt-checkbox"><label><input type="checkbox" name="offeringID.3" value="WziphkUsi1dYDD%2BSrZ0O4GRA60fGOE6072tev2URmHzEN0ipcD%2Bk7Oe5Af6nILbZ4J6ef44lTfPFHTHx1SfgJpjyKdyMVMvcVZQ3tHDwKag%3D" checked><i class="a-icon a-icon-checkbox"></i><span class="a-label a-checkbox-label"><div class = 'sims-fbt-checkbox-label'><a class="a-size-base a-link-normal" href="/Aptamil-Pronutra-Folgemilch-nach-Monat/dp/B00FF6EHI0/ref=pd_bxgy_325_3/277-7281789-8489225?ie=UTF8&refRID=0K8TTEBZSQ1S50KDN22N">Aptamil Pronutra 2 Folgemilch, nach dem 6. Monat, 3er Pack (3 x 1.2 kg)</a> <span class="a-color-price">EUR 59,68<span class="a-size-small a-color-secondary sims-fbt-price-ppu">(EUR 16,58 /  kg)</span></span> <div class="a-row a-spacing-micro a-spacing-top-micro a-size-small a-color-secondary sims-fbt-seller-info"><div class="a-row"><span class="a-size-base a-color-success">Auf Lager.</span></div><div class="a-row"><span class="a-size-base a-color-secondary a-text-normal">Versandt und verkauft von Amazon.de.</span></div><div class="a-row"><span class="a-size-base a-color-secondary a-text-normal"><b>Kostenlose Lieferung.</b> <a class="a-link-normal sims-fbt-details-help-link" target="AmazonHelp" href="/gp/help/customer/display.html/ref=pd_bxgy_325_3_sdc_sdc_3/277-7281789-8489225?ie=UTF8&nodeId=504950&pop-up=1&refRID=0K8TTEBZSQ1S50KDN22N">Details</a></span></div></div></div></span></label></div></span></span></li></ul></fieldset></div>
                </form>
            </div>
        </div>
    </div>
    











</div>


<div id="purchase-similarities_feature_div">






    
    
    















<hr class="a-divider-normal sims-carousel-heading bucketDivider">
        <div id="purchase-sims-feature" class="a-section a-spacing-large bucket">
            
        <div data-a-carousel-options="{&quot;ajax&quot;:{&quot;params&quot;:{&quot;featureId&quot;:&quot;SimilaritiesCarousel&quot;,&quot;reftagPrefix&quot;:&quot;pd_sim_325&quot;,&quot;widgetTemplateClass&quot;:&quot;PI::Similarities::ViewTemplates::Carousel::Desktop&quot;,&quot;imageHeight&quot;:160,&quot;faceoutTemplateClass&quot;:&quot;PI::P13N::ViewTemplates::Product::Desktop::CarouselFaceout&quot;,&quot;auiDeviceType&quot;:&quot;desktop&quot;,&quot;imageWidth&quot;:160,&quot;schemaVersion&quot;:2,&quot;productDetailsTemplateClass&quot;:&quot;PI::P13N::ViewTemplates::ProductDetails::Desktop::Base&quot;,&quot;relatedRequestID&quot;:&quot;0K8TTEBZSQ1S50KDN22N&quot;,&quot;maxLineCount&quot;:6},&quot;id_list&quot;:[&quot;B00BSNAC9C&quot;,&quot;B00FF6EHCG&quot;,&quot;B00D8V092W&quot;,&quot;B007X2CL6E&quot;,&quot;B004X0XAFK&quot;,&quot;B004X0XALE&quot;,&quot;B00D8V08UK&quot;,&quot;B004X0XBD6&quot;,&quot;B00FF6EH9Y&quot;,&quot;B016WEDI6K&quot;,&quot;B004X0X9TC&quot;,&quot;B005GIG1EA&quot;,&quot;B004X0XB3G&quot;,&quot;B00C7P950W&quot;,&quot;B008V8YZMM&quot;,&quot;B003R7KV34&quot;,&quot;B0084CRNBA&quot;,&quot;B00BSNACBU&quot;,&quot;B004X0XA6E&quot;,&quot;B016WEDHW0&quot;,&quot;B01BEZ14TA&quot;,&quot;B00D8V091S&quot;,&quot;B016WEDI60&quot;,&quot;B004FZ53HG&quot;,&quot;B00YPHX3KS&quot;,&quot;B012GZQU32&quot;,&quot;B00X7NBAVK&quot;,&quot;B00C1C2GIY&quot;,&quot;B00L4X8O5K&quot;,&quot;B009IH7MOS&quot;,&quot;B00U8IT2XA&quot;,&quot;B00WHV0QYK&quot;,&quot;B012GZQUU0&quot;,&quot;B0049MGV9Y&quot;,&quot;B003R7KW88&quot;,&quot;B01EY3WDP8&quot;,&quot;B01AWH5K9G&quot;,&quot;B012GZR5L8&quot;,&quot;B00DYT73RC&quot;,&quot;B00YPHX0M4&quot;,&quot;B01E6PP3HY&quot;,&quot;B00U8TQL0Q&quot;,&quot;B0052CJQCO&quot;,&quot;B01BNFSQRO&quot;,&quot;B00C7P951G&quot;,&quot;B00JXDASFW&quot;,&quot;B01AWH5K2I&quot;,&quot;B00YPHX060&quot;,&quot;B0196J948Y&quot;,&quot;B0052CK6DW&quot;,&quot;B00KS2ZEFQ&quot;,&quot;B0144K57JU&quot;,&quot;B00E67H7HM&quot;,&quot;B00TPM71EM&quot;,&quot;B00PVKUNII&quot;,&quot;B007FAVFV6&quot;,&quot;B01E6PP6LC&quot;,&quot;B0071IBQ6Q&quot;,&quot;B01AWH5JU6&quot;,&quot;B005SMW4P4&quot;,&quot;B00OY9J5L8&quot;,&quot;B00MTSDHEC&quot;,&quot;B006JHWIX0&quot;,&quot;B012GZRFZY&quot;,&quot;B000B4UHHQ&quot;,&quot;B01AWH4WY0&quot;,&quot;B01AWH4X08&quot;,&quot;B0084DATEW&quot;,&quot;B00KS2ZF78&quot;,&quot;B0052CK736&quot;,&quot;B01E6PP6VC&quot;,&quot;B01BEZ14PE&quot;,&quot;B00EUY1FG0&quot;,&quot;B01BEZ1FG2&quot;,&quot;B00L10WXKS&quot;,&quot;B01B83PDUO&quot;,&quot;B00UE18GAQ&quot;,&quot;B01BEZ14Z4&quot;,&quot;B01AWH5OGK&quot;,&quot;B0052CJ0SY&quot;,&quot;B003R7KW7Y&quot;,&quot;B00JR33YZ4&quot;,&quot;B0052CJ02U&quot;,&quot;B00MBKIUXQ&quot;],&quot;url&quot;:&quot;/gp/p13n-shared/faceout-partial&quot;,&quot;id_param_name&quot;:&quot;asins&quot;},&quot;baseAsin&quot;:&quot;B00BSNACII&quot;,&quot;name&quot;:&quot;purchase&quot;,&quot;set_size&quot;:84}" data-p13n-feature-metadata="{&quot;baseAsin&quot;:&quot;B00BSNACII&quot;}" data-p13n-feature-name="pd_sim_325" data-p13n-global="{&quot;auiDeviceType&quot;:&quot;desktop&quot;,&quot;marketplaceId&quot;:&quot;A1PA6795UKMFR9&quot;,&quot;requestId&quot;:&quot;0K8TTEBZSQ1S50KDN22N&quot;,&quot;marketplace&quot;:&quot;DE&quot;,&quot;session&quot;:&quot;277-7281789-8489225&quot;}" data-a-display-strategy="swap" data-a-transition-strategy="swap" data-a-class="desktop" class="a-carousel-container a-carousel-static a-carousel-display-swap a-carousel-transition-swap similarities-aui-carousel p13n-sc-carousel"><input autocomplete="on" type="hidden" class="a-carousel-firstvisibleitem">
            <div class="a-row a-carousel-header-row a-size-large"><div class="a-column a-span8"><h2 class="a-carousel-heading">Kunden, die diesen Artikel gekauft haben, kauften auch</h2></div><div class="a-column a-span4 a-span-last a-text-right"><span class="a-carousel-pagination a-size-base"><span class="a-carousel-page-count">Seite <span class="a-carousel-page-current">1</span> von <span class="a-carousel-page-max">1</span>  </span><span class="a-carousel-restart-container"><span class="a-text-separator"></span><a class="a-carousel-restart" href="#">Zum Anfang</a></span><span class="a-carousel-accessibility-page-info a-offscreen" aria-live="polite">Seite 1 von 1  </span></span></div></div>
            <span class="aok-offscreen p13n-sc-offscreen">Diese Einkaufsfunktion wird weiterhin Artikel laden. Um aus diesem Karussell zu navigieren, benutzen Sie bitte Ihre Überschrift-Tastenkombination, um zur nächsten oder vorherigen Überschrift zu navigieren.</span>
            
            <div class="a-row a-carousel-controls a-carousel-row a-carousel-has-buttons"><div class="a-carousel-row-inner"><div class="a-carousel-col a-carousel-left"><a class="a-button a-button-image a-carousel-button a-carousel-goto-prevpage" tabindex="0" href="#"><span class="a-button-inner"><i class="a-icon a-icon-previous"><span class="a-icon-alt">Zurück</span></i></span></a></div><div class="a-carousel-col a-carousel-center"><div class="a-carousel-viewport"><ol class="a-carousel" role="list">
                <li class="a-carousel-card a-float-left" role="listitem">
        <div data-asin="B00BSNAC9C" data-p13n-asin-metadata="{&quot;ref&quot;:&quot;pd_sim_325_1&quot;,&quot;asin&quot;:&quot;B00BSNAC9C&quot;}" data-ref="pd_sim_325_1" class="a-section a-spacing-none p13nimp p13n-asin">
            <a class="a-link-normal" href="/Aptamil-Kindermilch-Jahren-4er-Pack/dp/B00BSNAC9C/ref=pd_sim_325_1/277-7281789-8489225?ie=UTF8&dpID=51-0dVWuw4L&dpSrc=sims&preST=_AC_UL160_SR107%2C160_&refRID=0K8TTEBZSQ1S50KDN22N"><div class="a-section a-spacing-mini"><img alt="Aptamil Kindermilch 2+ ab 2 Jahren, 4er Pack (4 x 600 g)" src="http://ecx.images-amazon.com/images/I/51-0dVWuw4L._AC_UL160_SR107,160_.jpg" class="a-dynamic-image" height="160" width="107" data-a-dynamic-image="{&quot;http://ecx.images-amazon.com/images/I/51-0dVWuw4L._AC_UL480_SR321,480_.jpg&quot;:[480,321],&quot;http://ecx.images-amazon.com/images/I/51-0dVWuw4L._AC_UL160_SR107,160_.jpg&quot;:[160,107],&quot;http://ecx.images-amazon.com/images/I/51-0dVWuw4L._AC_UL320_SR214,320_.jpg&quot;:[320,214]}"></div>
        <div class="p13n-sc-truncate p13n-sc-line-clamp-4" aria-hidden="true" data-rows="4">
            Aptamil Kindermilch 2+ ab 2 Jahren, 4er Pack (4 x 600 g)
        </div>
    </a>
            
        <div class="a-icon-row a-spacing-none">
            <a class="a-link-normal" title="4.9 von 5 Sternen" href="/product-reviews/B00BSNAC9C/ref=pd_sim_325_cr_1/277-7281789-8489225?ie=UTF8&refRID=0K8TTEBZSQ1S50KDN22N">
                <i class="a-icon a-icon-star a-star-5"><span class="a-icon-alt">4,9 von 5 Sternen</span></i>
            </a>
            <a class="a-size-small a-link-normal" href="/product-reviews/B00BSNAC9C/ref=pd_sim_325_cr_1/277-7281789-8489225?ie=UTF8&refRID=0K8TTEBZSQ1S50KDN22N">19</a>
        </div>
    <div class="a-row"><span class="a-size-base a-color-price">EUR 39,80</span> <span class="a-size-mini a-color-secondary">(EUR 16,58 /  kg)</span> <span style="position: relative; top: 2px;"><i class="a-icon a-icon-prime a-icon-small" aria-label="Prime"><span class="a-icon-alt">Prime</span></i></span></div>
        </div>
    </li><li class="a-carousel-card a-float-left" role="listitem">
        <div data-asin="B00FF6EHCG" data-p13n-asin-metadata="{&quot;ref&quot;:&quot;pd_sim_325_2&quot;,&quot;asin&quot;:&quot;B00FF6EHCG&quot;}" data-ref="pd_sim_325_2" class="a-section a-spacing-none p13nimp p13n-asin">
            <a class="a-link-normal" href="/Aptamil-Pronutra-Folgemilch-Monat-Pack/dp/B00FF6EHCG/ref=pd_sim_325_2/277-7281789-8489225?ie=UTF8&dpID=514NCoAWMrL&dpSrc=sims&preST=_AC_UL160_SR105%2C160_&refRID=0K8TTEBZSQ1S50KDN22N"><div class="a-section a-spacing-mini"><img alt="Aptamil Pronutra 3 Folgemilch, ab dem 10. Monat, 3er Pack (3 x 1.2 kg)" src="http://ecx.images-amazon.com/images/I/514NCoAWMrL._AC_UL160_SR105,160_.jpg" class="a-dynamic-image" height="160" width="105" data-a-dynamic-image="{&quot;http://ecx.images-amazon.com/images/I/514NCoAWMrL._AC_UL160_SR105,160_.jpg&quot;:[160,105],&quot;http://ecx.images-amazon.com/images/I/514NCoAWMrL._AC_UL480_SR315,480_.jpg&quot;:[480,315],&quot;http://ecx.images-amazon.com/images/I/514NCoAWMrL._AC_UL320_SR210,320_.jpg&quot;:[320,210]}"></div>
        <div class="p13n-sc-truncate p13n-sc-line-clamp-4" aria-hidden="true" data-rows="4">
            Aptamil Pronutra 3 Folgemilch, ab dem 10. Monat, 3er Pack (3 x 1.2 kg)
        </div>
    </a>
            
        <div class="a-icon-row a-spacing-none">
            <a class="a-link-normal" title="4.9 von 5 Sternen" href="/product-reviews/B00FF6EHCG/ref=pd_sim_325_cr_2/277-7281789-8489225?ie=UTF8&refRID=0K8TTEBZSQ1S50KDN22N">
                <i class="a-icon a-icon-star a-star-5"><span class="a-icon-alt">4,9 von 5 Sternen</span></i>
            </a>
            <a class="a-size-small a-link-normal" href="/product-reviews/B00FF6EHCG/ref=pd_sim_325_cr_2/277-7281789-8489225?ie=UTF8&refRID=0K8TTEBZSQ1S50KDN22N">11</a>
        </div>
    <div class="a-row"><span class="a-size-base a-color-price">EUR 59,68</span> <span class="a-size-mini a-color-secondary">(EUR 16,58 /  kg)</span> <span style="position: relative; top: 2px;"><i class="a-icon a-icon-prime a-icon-small" aria-label="Prime"><span class="a-icon-alt">Prime</span></i></span></div>
        </div>
    </li><li class="a-carousel-card a-float-left" role="listitem">
        <div data-asin="B00D8V092W" data-p13n-asin-metadata="{&quot;ref&quot;:&quot;pd_sim_325_3&quot;,&quot;asin&quot;:&quot;B00D8V092W&quot;}" data-ref="pd_sim_325_3" class="a-section a-spacing-none p13nimp p13n-asin">
            <a class="a-link-normal" href="/Aptamil-Pronutra-Folgemilch-nach-Monat/dp/B00D8V092W/ref=pd_sim_325_3/277-7281789-8489225?ie=UTF8&dpID=51jik-eIqPL&dpSrc=sims&preST=_AC_UL160_SR98%2C160_&refRID=0K8TTEBZSQ1S50KDN22N"><div class="a-section a-spacing-mini"><img alt="Aptamil Pronutra 2 Folgemilch, nach dem 6. Monat, 4er Pack (4 x 800 g)" src="http://ecx.images-amazon.com/images/I/51jik-eIqPL._AC_UL160_SR98,160_.jpg" class="a-dynamic-image" height="160" width="98" data-a-dynamic-image="{&quot;http://ecx.images-amazon.com/images/I/51jik-eIqPL._AC_UL160_SR98,160_.jpg&quot;:[160,98],&quot;http://ecx.images-amazon.com/images/I/51jik-eIqPL._AC_UL480_SR294,480_.jpg&quot;:[480,294],&quot;http://ecx.images-amazon.com/images/I/51jik-eIqPL._AC_UL320_SR196,320_.jpg&quot;:[320,196]}"></div>
        <div class="p13n-sc-truncate p13n-sc-line-clamp-5" aria-hidden="true" data-rows="5">
            Aptamil Pronutra 2 Folgemilch, nach dem 6. Monat, 4er Pack (4 x 800 g)
        </div>
    </a>
            
        <div class="a-icon-row a-spacing-none">
            <a class="a-link-normal" title="4.8 von 5 Sternen" href="/product-reviews/B00D8V092W/ref=pd_sim_325_cr_3/277-7281789-8489225?ie=UTF8&refRID=0K8TTEBZSQ1S50KDN22N">
                <i class="a-icon a-icon-star a-star-5"><span class="a-icon-alt">4,8 von 5 Sternen</span></i>
            </a>
            <a class="a-size-small a-link-normal" href="/product-reviews/B00D8V092W/ref=pd_sim_325_cr_3/277-7281789-8489225?ie=UTF8&refRID=0K8TTEBZSQ1S50KDN22N">17</a>
        </div>
    
        </div>
    </li><li class="a-carousel-card a-float-left" role="listitem">
        <div data-asin="B007X2CL6E" data-p13n-asin-metadata="{&quot;ref&quot;:&quot;pd_sim_325_4&quot;,&quot;asin&quot;:&quot;B007X2CL6E&quot;}" data-ref="pd_sim_325_4" class="a-section a-spacing-none p13nimp p13n-asin">
            <a class="a-link-normal" href="/Hipp-Bio-Kindermilch-Jahr-Pack/dp/B007X2CL6E/ref=pd_sim_325_4/277-7281789-8489225?ie=UTF8&dpID=51%2Be-UWDYJL&dpSrc=sims&preST=_AC_UL160_SR97%2C160_&refRID=0K8TTEBZSQ1S50KDN22N"><div class="a-section a-spacing-mini"><img alt="Hipp Bio Kindermilch ab 1 Jahr, 4er Pack (4 x 800 g) - Bio" src="http://ecx.images-amazon.com/images/I/51%2Be-UWDYJL._AC_UL160_SR97,160_.jpg" class="a-dynamic-image" height="160" width="97" data-a-dynamic-image="{&quot;http://ecx.images-amazon.com/images/I/51%2Be-UWDYJL._AC_UL480_SR291,480_.jpg&quot;:[480,291],&quot;http://ecx.images-amazon.com/images/I/51%2Be-UWDYJL._AC_UL320_SR194,320_.jpg&quot;:[320,194],&quot;http://ecx.images-amazon.com/images/I/51%2Be-UWDYJL._AC_UL160_SR97,160_.jpg&quot;:[160,97]}"></div>
        <div class="p13n-sc-truncate p13n-sc-line-clamp-4" aria-hidden="true" data-rows="4">
            Hipp Bio Kindermilch ab 1 Jahr, 4er Pack (4 x 800 g) - Bio
        </div>
    </a>
            
        <div class="a-icon-row a-spacing-none">
            <a class="a-link-normal" title="4.5 von 5 Sternen" href="/product-reviews/B007X2CL6E/ref=pd_sim_325_cr_4/277-7281789-8489225?ie=UTF8&refRID=0K8TTEBZSQ1S50KDN22N">
                <i class="a-icon a-icon-star a-star-4-5"><span class="a-icon-alt">4,6 von 5 Sternen</span></i>
            </a>
            <a class="a-size-small a-link-normal" href="/product-reviews/B007X2CL6E/ref=pd_sim_325_cr_4/277-7281789-8489225?ie=UTF8&refRID=0K8TTEBZSQ1S50KDN22N">22</a>
        </div>
    <div class="a-row"><span class="a-size-base a-color-price">EUR 37,80</span> <span class="a-size-mini a-color-secondary">(EUR 11,81 /  kg)</span> <span style="position: relative; top: 2px;"><i class="a-icon a-icon-prime a-icon-small" aria-label="Prime"><span class="a-icon-alt">Prime</span></i></span></div>
        </div>
    </li><li class="a-carousel-card a-float-left" role="listitem">
        <div data-asin="B004X0XAFK" data-p13n-asin-metadata="{&quot;ref&quot;:&quot;pd_sim_325_5&quot;,&quot;asin&quot;:&quot;B004X0XAFK&quot;}" data-ref="pd_sim_325_5" class="a-section a-spacing-none p13nimp p13n-asin">
            <a class="a-link-normal" href="/HiPP-Kindermilch-Combiotik-Jahr-Pack/dp/B004X0XAFK/ref=pd_sim_325_5/277-7281789-8489225?ie=UTF8&dpID=51fvb8WSpEL&dpSrc=sims&preST=_AC_UL160_SR100%2C160_&refRID=0K8TTEBZSQ1S50KDN22N"><div class="a-section a-spacing-mini"><img alt="HiPP Kindermilch Combiotik ab 1 Jahr, 4er Pack (4 x 600 g)" src="http://ecx.images-amazon.com/images/I/51fvb8WSpEL._AC_UL160_SR100,160_.jpg" class="a-dynamic-image" height="160" width="100" data-a-dynamic-image="{&quot;http://ecx.images-amazon.com/images/I/51fvb8WSpEL._AC_UL480_SR300,480_.jpg&quot;:[480,300],&quot;http://ecx.images-amazon.com/images/I/51fvb8WSpEL._AC_UL320_SR200,320_.jpg&quot;:[320,200],&quot;http://ecx.images-amazon.com/images/I/51fvb8WSpEL._AC_UL160_SR100,160_.jpg&quot;:[160,100]}"></div>
        <div class="p13n-sc-truncate p13n-sc-line-clamp-5" aria-hidden="true" data-rows="5">
            HiPP Kindermilch Combiotik ab 1 Jahr, 4er Pack (4 x 600 g)
        </div>
    </a>
            
        <div class="a-icon-row a-spacing-none">
            <a class="a-link-normal" title="3.8 von 5 Sternen" href="/product-reviews/B004X0XAFK/ref=pd_sim_325_cr_5/277-7281789-8489225?ie=UTF8&refRID=0K8TTEBZSQ1S50KDN22N">
                <i class="a-icon a-icon-star a-star-4"><span class="a-icon-alt">3,8 von 5 Sternen</span></i>
            </a>
            <a class="a-size-small a-link-normal" href="/product-reviews/B004X0XAFK/ref=pd_sim_325_cr_5/277-7281789-8489225?ie=UTF8&refRID=0K8TTEBZSQ1S50KDN22N">6</a>
        </div>
    
        </div>
    </li><li class="a-carousel-card a-float-left" role="listitem">
        <div data-asin="B004X0XALE" data-p13n-asin-metadata="{&quot;ref&quot;:&quot;pd_sim_325_6&quot;,&quot;asin&quot;:&quot;B004X0XALE&quot;}" data-ref="pd_sim_325_6" class="a-section a-spacing-none p13nimp p13n-asin">
            <a class="a-link-normal" href="/HiPP-Kindermilch-Combiotik-Jahre-Pack/dp/B004X0XALE/ref=pd_sim_325_6/277-7281789-8489225?ie=UTF8&dpID=51vcR7%2BjnCL&dpSrc=sims&preST=_AC_UL160_SR111%2C160_&refRID=0K8TTEBZSQ1S50KDN22N"><div class="a-section a-spacing-mini"><img alt="HiPP Kindermilch Combiotik ab 2 Jahre (4er Pack, 4 x 600 g)" src="http://ecx.images-amazon.com/images/I/51vcR7%2BjnCL._AC_UL160_SR111,160_.jpg" class="a-dynamic-image" height="160" width="111" data-a-dynamic-image="{&quot;http://ecx.images-amazon.com/images/I/51vcR7%2BjnCL._AC_UL480_SR333,480_.jpg&quot;:[480,333],&quot;http://ecx.images-amazon.com/images/I/51vcR7%2BjnCL._AC_UL160_SR111,160_.jpg&quot;:[160,111],&quot;http://ecx.images-amazon.com/images/I/51vcR7%2BjnCL._AC_UL320_SR222,320_.jpg&quot;:[320,222]}"></div>
        <div class="p13n-sc-truncate p13n-sc-line-clamp-4" aria-hidden="true" data-rows="4">
            HiPP Kindermilch Combiotik ab 2 Jahre (4er Pack, 4 x 600 g)
        </div>
    </a>
            
        <div class="a-icon-row a-spacing-none">
            <a class="a-link-normal" title="5.0 von 5 Sternen" href="/product-reviews/B004X0XALE/ref=pd_sim_325_cr_6/277-7281789-8489225?ie=UTF8&refRID=0K8TTEBZSQ1S50KDN22N">
                <i class="a-icon a-icon-star a-star-5"><span class="a-icon-alt">5,0 von 5 Sternen</span></i>
            </a>
            <a class="a-size-small a-link-normal" href="/product-reviews/B004X0XALE/ref=pd_sim_325_cr_6/277-7281789-8489225?ie=UTF8&refRID=0K8TTEBZSQ1S50KDN22N">5</a>
        </div>
    <div class="a-row"><span class="a-size-base a-color-price">EUR 49,03</span> <span class="a-size-mini a-color-secondary">(EUR 20,43 /  kg)</span> </div>
        </div>
    </li>
            </ol></div></div><div class="a-carousel-col a-carousel-right"><a class="a-button a-button-image a-carousel-button a-carousel-goto-nextpage" tabindex="0" href="#"><span class="a-button-inner"><i class="a-icon a-icon-next"><span class="a-icon-alt">Weiter</span></i></span></a></div></div></div>
        </div>
        
    
        </div>
        
        
    



</div>








<script type="text/javascript">

window.AmazonPopoverImages = {
  snake: 'http://g-ecx.images-amazon.com/images/G/01/javascripts/lib/popover/images/snake._CB192571611_.gif',
  btnClose: 'http://g-ecx.images-amazon.com/images/G/01/javascripts/lib/popover/images/btn_close._CB192188154_.gif',
  closeTan: 'http://g-ecx.images-amazon.com/images/G/03/nav2/images/close-tan-sm._CB192552265_.gif',
  closeTanDown: 'http://g-ecx.images-amazon.com/images/G/03/nav2/images/close-tan-sm-dn._CB192552269_.gif',
  loadingBar: 'http://g-ecx.images-amazon.com/images/G/01/javascripts/lib/popover/images/loading-bar-small._CB192188123_.gif',
  pixel: 'http://g-ecx.images-amazon.com/images/G/01/icons/blank-pixel._CB192192429_.gif'
};
var container = document.createElement("DIV");
container.id = "ap_container";
if (document.body.childNodes.length) {
    document.body.insertBefore(container, document.body.childNodes[0]);
} else {
    document.body.appendChild(container);
}

</script>

    <script type="text/javascript">
    (function() {
        var h = document.head || document.getElementsByTagName('head')[0] || document.documentElement;
        var s = document.createElement('script');
        s.async = 'async';
        s.src = 'http://z-ecx.images-amazon.com/images/G/01/browser-scripts/site-wide-js-1.6.4-beacon/site-wide-7123153309._V1_.js';
        h.insertBefore(s, h.firstChild);
     })();
    </script>
<script type='text/javascript'>
    amznJQ.addLogical('popover', []);
</script>



<div id="dp-ads-center-promo-top_feature_div">
</div>



  
  
  
  

  
  <style> .sp-dp-ellipsis { overflow: hidden; white-space: normal; } .sp-dp-offer-title { max-height: 76px; } .sp-dp-author { max-height: 17px; } </style> <hr size="1" noshade="noshade" class="bucketDivider"> <div id="sponsored-products-dp_feature_div" style="overflow:hidden;"> <div class="a-section a-spacing-none a-row"> <div id="sp_detail" data-a-display-strategy="swap" data-a-transition-strategy="swap" data-a-ajax-strategy="clicksCustomAjax" data-a-carousel-options='{"name":"sp_detail_carousel", "initialSeenAsins":"\"B016ID1WCM\",\"B00R4BTI3S\",\"B0118X3SC4\",\"B014O9OR2E\",\"B00MDW2S12\",\"B01AEV03X8\",\"B00ITO3I58\"" , "circular":false, "auto_adjust_height":true, "ajax":{"params":{&quot;ASIN&quot;:&quot;B00BSNACII&quot;,&quot;ie&quot;:&quot;UTF8&quot;,&quot;searchTerms&quot;:&quot;&quot;,&quot;searchIndex&quot;:&quot;&quot;,&quot;referringSearchEngine&quot;:&quot;&quot;,&quot;wName&quot;:&quot;sp_detail&quot;,&quot;pRID&quot;:&quot;0K8TTEBZSQ1S50KDN22N&quot;,&quot;start&quot;:&quot;7&quot;,&quot;cc&quot;:&quot;7&quot;}, "url":"/gp/nemo/spd/handlers/spd-shov.html"}, "set_size":"16"}' class="a-carousel-container a-carousel-display-swap a-carousel-transition-swap"> <form class="a-carousel-state" action="#" method="get"><input autocomplete="on" type="hidden" name="firstVisibleItem" class="a-carousel-firstvisibleitem"></form> <div class="a-row a-carousel-header-row a-size-large pa_componentTitleTest"> <div class="a-column a-span8"> <h2 class="a-carousel-heading"> Gesponserte Produkte zu diesem Artikel <a class='a-size-base a-text-normal a-declarative' data-action='a-popover' data-a-popover='{"name":"sponsored-products-related", "position":"triggerBottom", "activate":"onclick"}' href='javascript:void(0)'> (Was ist das?) </a> </h2> </div> <div class="a-column a-span4 a-span-last a-text-right"> <span class="a-carousel-pagination a-size-base"> <span class="a-carousel-page-count"> Seite <span class="a-carousel-page-current"> 1 </span> von <span class="a-carousel-page-max"> 1 </span> </span> <span class="a-carousel-restart-container"> <span class="a-text-separator"></span> <a class="a-carousel-restart" href="#">Zum Anfang</a> </span> </span> </div> </div> <div class="a-popover-content a-popover-preload" id="a-popover-sponsored-products-related"> <p> Gesponserte Produkte sind Anzeigen für Produkte, die von Händlern auf Amazon.de verkauft werden. Wenn Sie auf eine Anzeige für ein Gesponsertes Produkt klicken, werden Sie zu einem Amazon Detailseite gebracht, wo Sie mehr über das Produkt erfahren und es kaufen können. </p> <p> Weitere Informationen über Amazon Gesponserte Produkte, <a class="a-link-normal" target="_blank" href="http://services.amazon.de/programme/gesponserte-produkte/so-funktionierts.html?ld=AZDESPWhatsThis">klicken Sie hier</a>. <p> </div> <div class="a-row a-carousel-controls a-carousel-row a-carousel-has-buttons"> <div class="a-carousel-row-inner"> <div class="a-carousel-col a-carousel-center"> <div class="a-carousel-viewport"> <ol class="a-carousel" aria-live="assertive" role="list"> <li class="a-carousel-card" role="listitem" style="width:160px;" aria-setsize="16"> <div id="0K8TTEBZSQ1S50KDN22N_sp_detail_1_1" data-asin="B016ID1WCM"> <div class="sp_offerVertical"> <div class="pa_feedbackForm_container_sp_detail" style="display:none"> <div class="sp_adID"> <span id="pa_0K8TTEBZSQ1S50KDN22N_sp_detail_1_1" class="a-declarative" data-action="a-modal" data-a-modal="{&quot;url&quot;:&quot;/gp/sponsored-products/lazyLoad/handler/sp-feedback-handler.html?pl=bt8qro%2BKnwJ7in7nzhohEVpPYM6utwKqaMqREl8H5lXf4JXQ81Bk7qTC1gOW8uZFC76ke9AXVdD0BUdsOBBCy9ryMk1rEu%2BFB4HOK7AQTlqZ5iSM7i3hDRp%2BgH6y47VONW5kRkGFMHjKPa6NIsT3frVZhIXpKmmAmk8GMJZ8DelE3PVZ0ZNlTBghrVOFMKbdlv%2Fzy3u33wNRXmrou0qA2FfhU07cv%2F1m3ZIwVIXwL18xAHFjjyWvtKS0gxhr2Pid2ousFeZf1pQctPtn0x%2FVnwScDeYxcw3YloSHiF2aeDLNnbkuA5VqWJo7ExleBMmDm43ppKVxr4sqMRTSEe6jPQsvASPpRfnsHCAU2GA81wA5OxiWfKZ8cAH9HMd%2BChrysa7OkKWdeVn3Cd7P8g0RjbIIKFXC5GU262zyfBPgDBRF6FcYltpjaq98S0Lt10bcU7Xqv0btR%2FPWw6xz%2BpEMmSIfTvGk4t%2FJ2ddPMRvGzpmdruQPWt%2B5R2s62mpMba0v07IpCuR7w1rNx%2B%2FuL9W036rhXHq58cufRJ9P599rv2LtR7MdyszmjS6WOVFdKm8uxhFzpFPxjiQ%3D&quot;,&quot;name&quot;:&quot;sponsored-products-feedback-modal-sp_detail&quot;,&quot;header&quot;:&quot;Feedback mitteilen&quot;,&quot;footer&quot;:&quot;&lt;div id='sponsored-products-feedback-footer'&gt;&lt;/div&gt;&quot;,&quot;width&quot;:&quot;350&quot;}"> <a class="a-popover-trigger a-declarative">Feedback</a> </span> </div> </div> <div class="sp_dpOffer"> <a href="/gp/slredirect/picassoRedirect.html/ref=dp_sp_detail_0?ie=UTF8&amp;adId=A097011132PERCTHO4XJG&amp;url=%2Fdp%2FB016ID1WCM%3Fpsc%3D1&amp;qualifier=508053&amp;id=4127747238624937810&amp;widgetName=sp_detail" title="Guru Kokosöl 1000ml nativ &amp; naturrein -Bio Qualität-" target="_self"> <div class="a-carousel-photo"><img border="0" alt="" src="http://ecx.images-amazon.com/images/I/41McGwqfkCL._AC_SR160,160_.jpg"></div> <div data-rows="4" aria-hidden="true" class="sponsored-products-truncator-truncate sponsored-products-truncator-line-clamp-4">Guru Kokosöl 1000ml nativ &amp; naturrein -Bio Qualität-</div> </a> <div class="a-icon-row"> <a href="/gp/slredirect/picassoRedirect.html/ref=sp_detail_dktp_cr?ie=UTF8&amp;adId=A097011132PERCTHO4XJG&amp;url=%2Fdp%2FB016ID1WCM%3Fpsc%3D1%23customerReviews&amp;qualifier=508053&amp;id=4127747238624937810&amp;widgetName=sp_detail"> <i class="a-icon a-icon-star a-star-5" title="4.8 von 5 Sternen"> <span class="a-icon-alt">4.8 von 5 Sternen </span> </i> </a> <a class="a-size-base" href="/gp/slredirect/picassoRedirect.html/ref=sp_detail_dktp_cr?ie=UTF8&amp;adId=A097011132PERCTHO4XJG&amp;url=%2Fdp%2FB016ID1WCM%3Fpsc%3D1%23customerReviews&amp;qualifier=508053&amp;id=4127747238624937810&amp;widgetName=sp_detail">52</a> </div> <div class="a-row a-color-price"> EUR 12,99&nbsp; <span class="a-size-mini">(EUR 12,99/l) </span> </div> </div> </div> </div> <script> P.when('A', 'call-on-visible').execute(function(A) { var offer = A.$("#0K8TTEBZSQ1S50KDN22N_sp_detail_1_1"); if (typeof offer.callOnVisible == "function") { offer.callOnVisible(function () { var img = new Image(); img.src = "http://fls-eu.amazon.com/1/amazon-clicks/1/OP/?requestId=0K8TTEBZSQ1S50KDN22N&childRequestId=0K8TTEBZSQ1S50KDN22N&widgetName=sp_detail&searchResultNumber=1&impressionRankOnAsin=1"; this.setAttribute("id", "0K8TTEBZSQ1S50KDN22N_sp_detail_1_1" + "_sent"); }); } }); </script> </li> <li class="a-carousel-card" role="listitem" style="width:160px;" aria-setsize="16"> <div id="0K8TTEBZSQ1S50KDN22N_sp_detail_1_2" data-asin="B00R4BTI3S"> <div class="sp_offerVertical"> <div class="pa_feedbackForm_container_sp_detail" style="display:none"> <div class="sp_adID"> <span id="pa_0K8TTEBZSQ1S50KDN22N_sp_detail_1_2" class="a-declarative" data-action="a-modal" data-a-modal="{&quot;url&quot;:&quot;/gp/sponsored-products/lazyLoad/handler/sp-feedback-handler.html?pl=tVz9XTfegjmzuqgUlI86gm1D3RbO4%2FgbJEwD1SbKJ7V3gsM%2BiFkE7S4cp3oYbYbO1mIIiGN3uKGfKNpbkXie8Tdjt32NP5a8pNkTeR3jUg%2BUmvXe8uajJyeYEd3K3HnUX%2BgWG4F%2FrzaBIwlaonhqY098%2BGgYcSIia3tEC14cmvgai0uR5G9LAGxdPMnqkRzPKORHWYYDmT0vL51NUrHtUxMVM%2FDVmkOi964N7W%2Bhhc7nTJhrFfDXR8La2TZVoMg9PeHtcsJOfx7OEVRCB%2BWLm3kVHXk6GygXcMw%2B1xdttEelHEztDSdAy035Inum4vQzT9Ky20WSU4ZIQXyq2AaFHYpY2H%2Bbg1Iacb9WAgYFLTaJ%2B2Icwsv0yorMFFZR2CjU423dBbuKUfCmVCgoTtJ7avpWZxXdbw%2FKApMCYyJgAj1%2B80kyHVsQMJFD1AquLvaHyVxBjWNCk11S73a0%2BbscCUXmcZRIR8N4k2%2B0hOWtIweDtkhToCwKV2dHeK3l%2BnRQ0AUeFciPJUm4iL7kUEWjQhYSHZ%2BAh8lO%2B4TOTNm9q45MMnAoz%2Fsk197rURwGJuVl%2B%2BDG4RraTa9M6zc1XMxWmBHp1%2BqcVaFL&quot;,&quot;name&quot;:&quot;sponsored-products-feedback-modal-sp_detail&quot;,&quot;header&quot;:&quot;Feedback mitteilen&quot;,&quot;footer&quot;:&quot;&lt;div id='sponsored-products-feedback-footer'&gt;&lt;/div&gt;&quot;,&quot;width&quot;:&quot;350&quot;}"> <a class="a-popover-trigger a-declarative">Feedback</a> </span> </div> </div> <div class="sp_dpOffer"> <a href="/gp/slredirect/picassoRedirect.html/ref=dp_sp_detail_1?ie=UTF8&amp;adId=A0491846330DWVMW1POXP&amp;url=%2Fdp%2FB00R4BTI3S%3Fpsc%3D1&amp;qualifier=508053&amp;id=4127747238624937810&amp;widgetName=sp_detail" title="Aptamil 2 Folgemilch mit Pronutra A, 6er Pack (6 x 800g)" target="_self"> <div class="a-carousel-photo"><img border="0" alt="" src="http://ecx.images-amazon.com/images/I/51ZMgLeAYML._AC_SR160,160_.jpg"></div> <div data-rows="4" aria-hidden="true" class="sponsored-products-truncator-truncate sponsored-products-truncator-line-clamp-4">Aptamil 2 Folgemilch mit Pronutra A, 6er Pack (6 x 800g)</div> </a> <div class="a-icon-row"> <a href="/gp/slredirect/picassoRedirect.html/ref=sp_detail_dktp_cr?ie=UTF8&amp;adId=A0491846330DWVMW1POXP&amp;url=%2Fdp%2FB00R4BTI3S%3Fpsc%3D1%23customerReviews&amp;qualifier=508053&amp;id=4127747238624937810&amp;widgetName=sp_detail"> <i class="a-icon a-icon-star a-star-5" title="5 von 5 Sternen"> <span class="a-icon-alt">5 von 5 Sternen </span> </i> </a> <a class="a-size-base" href="/gp/slredirect/picassoRedirect.html/ref=sp_detail_dktp_cr?ie=UTF8&amp;adId=A0491846330DWVMW1POXP&amp;url=%2Fdp%2FB00R4BTI3S%3Fpsc%3D1%23customerReviews&amp;qualifier=508053&amp;id=4127747238624937810&amp;widgetName=sp_detail">3</a> </div> <div class="a-row a-color-price"> EUR 104,88&nbsp; <span class="a-size-mini">(EUR 21,85/kg) </span> <span style="position: relative; top: 2px;"> <i class="a-icon a-icon-prime a-icon-small" title="Prime"> <span class="a-icon-alt">Prime</span> </i> </span> </div> </div> </div> </div> <script> P.when('A', 'call-on-visible').execute(function(A) { var offer = A.$("#0K8TTEBZSQ1S50KDN22N_sp_detail_1_2"); if (typeof offer.callOnVisible == "function") { offer.callOnVisible(function () { var img = new Image(); img.src = "http://fls-eu.amazon.com/1/amazon-clicks/1/OP/?requestId=0K8TTEBZSQ1S50KDN22N&childRequestId=0K8TTEBZSQ1S50KDN22N&widgetName=sp_detail&searchResultNumber=1&impressionRankOnAsin=2"; this.setAttribute("id", "0K8TTEBZSQ1S50KDN22N_sp_detail_1_2" + "_sent"); }); } }); </script> </li> <li class="a-carousel-card" role="listitem" style="width:160px;" aria-setsize="16"> <div id="0K8TTEBZSQ1S50KDN22N_sp_detail_1_3" data-asin="B0118X3SC4"> <div class="sp_offerVertical"> <div class="pa_feedbackForm_container_sp_detail" style="display:none"> <div class="sp_adID"> <span id="pa_0K8TTEBZSQ1S50KDN22N_sp_detail_1_3" class="a-declarative" data-action="a-modal" data-a-modal="{&quot;url&quot;:&quot;/gp/sponsored-products/lazyLoad/handler/sp-feedback-handler.html?pl=UYw6LDR1LRlqurh5MWEyEjikmILbpNW5nIks7MkmubcWwBUpsmsW6mqP7W9dLsVmHxriFGiYN8OiblCQypBmVFTbJee9t1bNbq4pJvkH7X035zB%2FjMz12SJa3TZksLuTG%2F%2B3%2BbuXKu9u83%2BPXlU1GJPZV5pSrvcp3Z%2B1AXt2YVy5zI3U4F6s93y9O5628msED7zHkzV%2B1%2FQ7cyqQfh8IxGPVKrYlL2ThbgRjLzWBdY7Mbsb5c7JW4m3zwtWBAJiW1iizJQ%2F%2FTrjtWS0JDTdr5GzwhSz8PzYiSXn2OoWWuch0bIunnnlNx8jOx6m2DmRFxwgfuj%2B86IltkBBuakbyqTbD6FoaAdQui%2BgOMn2mhZH9CUpf%2FQ6lhUjXsEl1%2BsYYlq%2Bcdb08HkchAxLkzS8y%2B8qPHkiGVDC5c22ikNmHXbRxPsMwU26SFqucxCBvFjUlCS6LJ9%2Bk7PmDsszMoE5fjVUFK4hGsxmMO%2Ff8Tul9o98w7D9p3tOwXqBauEPPWMcoHz2TQHgPDWNuRlzVEQKABfHsSCvcrxp4ebYMvQpMeATGIgYJJe2B%2B%2BfDv4Ph8JJeDqarwt%2FigiZhMYYFCZ0xTw%3D%3D&quot;,&quot;name&quot;:&quot;sponsored-products-feedback-modal-sp_detail&quot;,&quot;header&quot;:&quot;Feedback mitteilen&quot;,&quot;footer&quot;:&quot;&lt;div id='sponsored-products-feedback-footer'&gt;&lt;/div&gt;&quot;,&quot;width&quot;:&quot;350&quot;}"> <a class="a-popover-trigger a-declarative">Feedback</a> </span> </div> </div> <div class="sp_dpOffer"> <a href="/gp/slredirect/picassoRedirect.html/ref=dp_sp_detail_2?ie=UTF8&amp;adId=A0260518KQEE0MF4N8U2&amp;url=%2Fdp%2FB0118X3SC4%3Fpsc%3D1&amp;qualifier=508053&amp;id=4127747238624937810&amp;widgetName=sp_detail" title="Hipp 3 Milchnahrung Bio, 4er Pack (4 x 600 g) - Bio" target="_self"> <div class="a-carousel-photo"><img border="0" alt="" src="http://ecx.images-amazon.com/images/I/51dQloba9iL._AC_SR160,160_.jpg"></div> <div data-rows="4" aria-hidden="true" class="sponsored-products-truncator-truncate sponsored-products-truncator-line-clamp-4">Hipp 3 Milchnahrung Bio, 4er Pack (4 x 600 g) - Bio</div> </a> <div class="a-row a-color-price"> EUR 29,88&nbsp; <span class="a-size-mini">(EUR 12,45/kg) </span> <span style="position: relative; top: 2px;"> <i class="a-icon a-icon-prime a-icon-small" title="Prime"> <span class="a-icon-alt">Prime</span> </i> </span> </div> </div> </div> </div> <script> P.when('A', 'call-on-visible').execute(function(A) { var offer = A.$("#0K8TTEBZSQ1S50KDN22N_sp_detail_1_3"); if (typeof offer.callOnVisible == "function") { offer.callOnVisible(function () { var img = new Image(); img.src = "http://fls-eu.amazon.com/1/amazon-clicks/1/OP/?requestId=0K8TTEBZSQ1S50KDN22N&childRequestId=0K8TTEBZSQ1S50KDN22N&widgetName=sp_detail&searchResultNumber=1&impressionRankOnAsin=3"; this.setAttribute("id", "0K8TTEBZSQ1S50KDN22N_sp_detail_1_3" + "_sent"); }); } }); </script> </li> <li class="a-carousel-card" role="listitem" style="width:160px;" aria-setsize="16"> <div id="0K8TTEBZSQ1S50KDN22N_sp_detail_1_4" data-asin="B014O9OR2E"> <div class="sp_offerVertical"> <div class="pa_feedbackForm_container_sp_detail" style="display:none"> <div class="sp_adID"> <span id="pa_0K8TTEBZSQ1S50KDN22N_sp_detail_1_4" class="a-declarative" data-action="a-modal" data-a-modal="{&quot;url&quot;:&quot;/gp/sponsored-products/lazyLoad/handler/sp-feedback-handler.html?pl=VRCHkDarpyzh5NaReS%2BcioqBO7umSwo2JnNy11Xk%2BX4RZ5EtHYl5%2B7NkBqCq91JBq3KN%2FBPr3pO%2ByTAQCNtc9%2FU0ZpZ6k88EveLPNCEYMmX5c6ZW73beQ7knjbc8Drpkmch3laqyKOL2ancMIOEWUsSPOv4EwGDDjPLJWziZIVVELgd1awtMoTl8EEqVvUW5AIn3PEl5FRbqmY5g8WfOPHzsctHQKgF7a7P646Y%2B63rKhchmhvGu%2FdR8o%2BLO%2Bn5KV6S62IRe414MFHZUzA7%2FyfWZN0KhCf8ZYJrmb9rv9ej%2FIH%2BNmZXQSJzKjkRcoD6iTl0XE0jRABunpxIob2%2BkCJT8ZwVYD1NlGMX12RdXByKhjNKTcrLJEeLiDVLipLko4rXBFAohfcn%2FSlBHkcKpLdcVnScRa4iO5gKOioP4iVjamZiAoIZ46dvnE24Cq1cV70Pq%2BCNTDt3Ea2Crov9YLySAKh1OHcS7t1JrOK1fNDTVoUp62jKuAFUvx%2BXrPKg5qS5yBHGqVeqkWJyC3I0sh9rr5ki%2BAMBg%2BxAt7EQrgAAB5Ef7k4SePUECP6G8vffVAVJioiqal19UmDGRXrmoFlZy8AQM6A7vJGDuN%2B533T0%3D&quot;,&quot;name&quot;:&quot;sponsored-products-feedback-modal-sp_detail&quot;,&quot;header&quot;:&quot;Feedback mitteilen&quot;,&quot;footer&quot;:&quot;&lt;div id='sponsored-products-feedback-footer'&gt;&lt;/div&gt;&quot;,&quot;width&quot;:&quot;350&quot;}"> <a class="a-popover-trigger a-declarative">Feedback</a> </span> </div> </div> <div class="sp_dpOffer"> <a href="/gp/slredirect/picassoRedirect.html/ref=dp_sp_detail_3?ie=UTF8&amp;adId=A0271026LS7WN4386DRF&amp;url=%2Fdp%2FB014O9OR2E%3Fpsc%3D1&amp;qualifier=508053&amp;id=4127747238624937810&amp;widgetName=sp_detail" title="HiPP 1 Combiotik Bio-Anfangsmilch von Geburt an, 4er Pack (4 x 500g)" target="_self"> <div class="a-carousel-photo"><img border="0" alt="" src="http://ecx.images-amazon.com/images/I/51eT9CaCnqL._AC_SR160,160_.jpg"></div> <div data-rows="4" aria-hidden="true" class="sponsored-products-truncator-truncate sponsored-products-truncator-line-clamp-4">HiPP 1 Combiotik Bio-Anfangsmilch von Geburt an, 4er Pack (4 x 500g)</div> </a> <div class="a-row a-color-price"> EUR 45,88&nbsp; <span class="a-size-mini">(EUR 22,94/kg) </span> <span style="position: relative; top: 2px;"> <i class="a-icon a-icon-prime a-icon-small" title="Prime"> <span class="a-icon-alt">Prime</span> </i> </span> </div> </div> </div> </div> <script> P.when('A', 'call-on-visible').execute(function(A) { var offer = A.$("#0K8TTEBZSQ1S50KDN22N_sp_detail_1_4"); if (typeof offer.callOnVisible == "function") { offer.callOnVisible(function () { var img = new Image(); img.src = "http://fls-eu.amazon.com/1/amazon-clicks/1/OP/?requestId=0K8TTEBZSQ1S50KDN22N&childRequestId=0K8TTEBZSQ1S50KDN22N&widgetName=sp_detail&searchResultNumber=1&impressionRankOnAsin=4"; this.setAttribute("id", "0K8TTEBZSQ1S50KDN22N_sp_detail_1_4" + "_sent"); }); } }); </script> </li> <li class="a-carousel-card" role="listitem" style="width:160px;" aria-setsize="16"> <div id="0K8TTEBZSQ1S50KDN22N_sp_detail_1_5" data-asin="B00MDW2S12"> <div class="sp_offerVertical"> <div class="pa_feedbackForm_container_sp_detail" style="display:none"> <div class="sp_adID"> <span id="pa_0K8TTEBZSQ1S50KDN22N_sp_detail_1_5" class="a-declarative" data-action="a-modal" data-a-modal="{&quot;url&quot;:&quot;/gp/sponsored-products/lazyLoad/handler/sp-feedback-handler.html?pl=lIitIgYoX8vaWxVkXn6j%2Fo7JcgXCSYW8WEZ4a01kT7BBjVRKo9JvjJWVBxrH075rcosE3Lv%2FQoMqpH7RZP2Agq7dfK7YpXHJi5pCbwZZGMM2W4LUMX7qy4bLybIPgAHQCf10Iz5ZemQY5vdj0G%2Fc9bOwkZsGKh%2FNVzNDmwYdyzq3qR%2Fjte2%2F07SpNq3kMeLawyuq8FOnde%2B9lguTESP5BZzEGsZPOk3%2Foy4N3tW8TjLUWwhNeJw2Rpnf3bPsk868ZK3d2vlhEkZ9sGIoWGCCAlR05sBumSlpoXt24oN2Qcu1uGwelzAaPie%2FDm0%2BGc51zjIJIi6qKyAgjRD3mAuVHAtpu%2BVTz97J5VTEQbAClH3TXv4FB1a9Y%2B8jwD5HQSQJHfaHUUB0BKRrDa29%2Fv6KxTt3DlwiJ9hrh2G1i1s52m%2BDcR77jeS3SvTLdfTnnfPwr%2BWYcmX1shyl6KjkUhKbQGKQB6cg%2BdQUOy5gUJmEQfuZspfkwahwSZyDsjyF2GeJl80ulzHRgbWsq%2BYHE3ITn2DXjlSq64C%2B2lhkBkykj54%3D&quot;,&quot;name&quot;:&quot;sponsored-products-feedback-modal-sp_detail&quot;,&quot;header&quot;:&quot;Feedback mitteilen&quot;,&quot;footer&quot;:&quot;&lt;div id='sponsored-products-feedback-footer'&gt;&lt;/div&gt;&quot;,&quot;width&quot;:&quot;350&quot;}"> <a class="a-popover-trigger a-declarative">Feedback</a> </span> </div> </div> <div class="sp_dpOffer"> <a href="/gp/slredirect/picassoRedirect.html/ref=dp_sp_detail_4?ie=UTF8&amp;adId=A00573891EZR8VAMY82NV&amp;url=%2Fdp%2FB00MDW2S12%3Fpsc%3D1&amp;qualifier=508053&amp;id=4127747238624937810&amp;widgetName=sp_detail" title="BIO Chia Samen 1 kg" target="_self"> <div class="a-carousel-photo"><img border="0" alt="" src="http://ecx.images-amazon.com/images/I/51yuzJGS62L._AC_SR160,160_.jpg"></div> <div data-rows="4" aria-hidden="true" class="sponsored-products-truncator-truncate sponsored-products-truncator-line-clamp-4">BIO Chia Samen 1 kg</div> </a> <div class="a-icon-row"> <a href="/gp/slredirect/picassoRedirect.html/ref=sp_detail_dktp_cr?ie=UTF8&amp;adId=A00573891EZR8VAMY82NV&amp;url=%2Fdp%2FB00MDW2S12%3Fpsc%3D1%23customerReviews&amp;qualifier=508053&amp;id=4127747238624937810&amp;widgetName=sp_detail"> <i class="a-icon a-icon-star a-star-5" title="4.9 von 5 Sternen"> <span class="a-icon-alt">4.9 von 5 Sternen </span> </i> </a> <a class="a-size-base" href="/gp/slredirect/picassoRedirect.html/ref=sp_detail_dktp_cr?ie=UTF8&amp;adId=A00573891EZR8VAMY82NV&amp;url=%2Fdp%2FB00MDW2S12%3Fpsc%3D1%23customerReviews&amp;qualifier=508053&amp;id=4127747238624937810&amp;widgetName=sp_detail">216</a> </div> <div class="a-row a-color-price"> EUR 10,75&nbsp; <span class="a-size-mini">(EUR 10,75/kg) </span> <span style="position: relative; top: 2px;"> <i class="a-icon a-icon-prime a-icon-small" title="Prime"> <span class="a-icon-alt">Prime</span> </i> </span> </div> </div> </div> </div> <script> P.when('A', 'call-on-visible').execute(function(A) { var offer = A.$("#0K8TTEBZSQ1S50KDN22N_sp_detail_1_5"); if (typeof offer.callOnVisible == "function") { offer.callOnVisible(function () { var img = new Image(); img.src = "http://fls-eu.amazon.com/1/amazon-clicks/1/OP/?requestId=0K8TTEBZSQ1S50KDN22N&childRequestId=0K8TTEBZSQ1S50KDN22N&widgetName=sp_detail&searchResultNumber=1&impressionRankOnAsin=5"; this.setAttribute("id", "0K8TTEBZSQ1S50KDN22N_sp_detail_1_5" + "_sent"); }); } }); </script> </li> <li class="a-carousel-card" role="listitem" style="width:160px;" aria-setsize="16"> <div id="0K8TTEBZSQ1S50KDN22N_sp_detail_1_6" data-asin="B01AEV03X8"> <div class="sp_offerVertical"> <div class="pa_feedbackForm_container_sp_detail" style="display:none"> <div class="sp_adID"> <span id="pa_0K8TTEBZSQ1S50KDN22N_sp_detail_1_6" class="a-declarative" data-action="a-modal" data-a-modal="{&quot;url&quot;:&quot;/gp/sponsored-products/lazyLoad/handler/sp-feedback-handler.html?pl=8MjI%2FpvyCjG5vXFq2tnni87Qz6%2FrNqZEo8%2F3sTMgPibMHAdnBAitJSBEbi736930ynjN%2BDi1Hxcify2Fdc27NDv6bqD%2BjVL3dU00dWjMkeseSv1k9JgceNXhbpR0P15eJq3pZvFthuYbQeExy1M3q0%2FBuCfdS7m4CQMX7gSdvuCpqpAkVkjvqOh1%2Fl5DPorxrG1zFHmnZW70H%2FX%2BlwmpUHteWrjmIvyANLvyWzT2NUOlGp7kHsDvbZgRSsj3LVWytBa78wMkX6Q4MMYW%2FO24YeY8zefoqmVaSOCJ%2FtI%2BZMmHoF1ydDZ%2Fq0frs7PyJ81BAi2OmdbX4b2jSxEeoLLePVNns60ObwMMuXpqVjYLcip200C3R09TzyjlpDvKcYCpqW0AvkuH%2FY9lZT9JuIDIyZjbFA5SOr9avsAcXdbKf0Pst4fVP1SNYS0pJN6YSB17fTNg%2B3%2BKWfXh1mUmkDeBlM%2BFcbnxGxUpWn%2BADcG10c2RddYpH%2BSEONic00xTWoQRyO2yXV5%2FaQs5loIU3oFlPAmI4tg5Bsg0J%2Fk704U3do%2B1yjTwwFr3tZcm52kgbf6AJkE4iw4eTJ5mlbditKmUAPqH2XmHqjzJ&quot;,&quot;name&quot;:&quot;sponsored-products-feedback-modal-sp_detail&quot;,&quot;header&quot;:&quot;Feedback mitteilen&quot;,&quot;footer&quot;:&quot;&lt;div id='sponsored-products-feedback-footer'&gt;&lt;/div&gt;&quot;,&quot;width&quot;:&quot;350&quot;}"> <a class="a-popover-trigger a-declarative">Feedback</a> </span> </div> </div> <div class="sp_dpOffer"> <a href="/gp/slredirect/picassoRedirect.html/ref=dp_sp_detail_5?ie=UTF8&amp;adId=A01871552RXPV5UTB4ILE&amp;url=%2Fdp%2FB01AEV03X8%3Fpsc%3D1%26smid%3DA36JV6A24XVXT4&amp;qualifier=508053&amp;id=4127747238624937810&amp;widgetName=sp_detail" title="Sonnentor Kurkuma-Latte Vanille bio, Dose, 1er Pack (1 x 60 g)" target="_self"> <div class="a-carousel-photo"><img border="0" alt="" src="http://ecx.images-amazon.com/images/I/41K+n21j+8L._AC_SR160,160_.jpg"></div> <div data-rows="4" aria-hidden="true" class="sponsored-products-truncator-truncate sponsored-products-truncator-line-clamp-4">Sonnentor Kurkuma-Latte Vanille bio, Dose, 1er Pack (1 x 60 g)</div> </a> <div class="a-icon-row"> <a href="/gp/slredirect/picassoRedirect.html/ref=sp_detail_dktp_cr?ie=UTF8&amp;adId=A01871552RXPV5UTB4ILE&amp;url=%2Fdp%2FB01AEV03X8%3Fpsc%3D1%26smid%3DA36JV6A24XVXT4%23customerReviews&amp;qualifier=508053&amp;id=4127747238624937810&amp;widgetName=sp_detail"> <i class="a-icon a-icon-star a-star-5" title="5 von 5 Sternen"> <span class="a-icon-alt">5 von 5 Sternen </span> </i> </a> <a class="a-size-base" href="/gp/slredirect/picassoRedirect.html/ref=sp_detail_dktp_cr?ie=UTF8&amp;adId=A01871552RXPV5UTB4ILE&amp;url=%2Fdp%2FB01AEV03X8%3Fpsc%3D1%26smid%3DA36JV6A24XVXT4%23customerReviews&amp;qualifier=508053&amp;id=4127747238624937810&amp;widgetName=sp_detail">1</a> </div> <div class="a-row a-color-price"> EUR 9,99&nbsp; <span class="a-size-mini">(EUR 16,65/100 g) </span> </div> </div> </div> </div> <script> P.when('A', 'call-on-visible').execute(function(A) { var offer = A.$("#0K8TTEBZSQ1S50KDN22N_sp_detail_1_6"); if (typeof offer.callOnVisible == "function") { offer.callOnVisible(function () { var img = new Image(); img.src = "http://fls-eu.amazon.com/1/amazon-clicks/1/OP/?requestId=0K8TTEBZSQ1S50KDN22N&childRequestId=0K8TTEBZSQ1S50KDN22N&widgetName=sp_detail&searchResultNumber=1&impressionRankOnAsin=6"; this.setAttribute("id", "0K8TTEBZSQ1S50KDN22N_sp_detail_1_6" + "_sent"); }); } }); </script> </li> <li class="a-carousel-card" role="listitem" style="width:160px;" aria-setsize="16"> <div id="0K8TTEBZSQ1S50KDN22N_sp_detail_1_7" data-asin="B00ITO3I58"> <div class="sp_offerVertical"> <div class="pa_feedbackForm_container_sp_detail" style="display:none"> <div class="sp_adID"> <span id="pa_0K8TTEBZSQ1S50KDN22N_sp_detail_1_7" class="a-declarative" data-action="a-modal" data-a-modal="{&quot;url&quot;:&quot;/gp/sponsored-products/lazyLoad/handler/sp-feedback-handler.html?pl=KuDghrkyGTPzM9lyi6CwpHfiL8WmOsjwwN6fkApPmVPUUtFwztOeNhMawS3H1LziRyY%2FG73h61zIWAsDkO2om3EESOLiKt99VQMolNz%2BDjlVB%2FDMBpRvQiBEjGgELlc7UWj1ZDMcylSDSe0%2FKB5kwxc9nWVvvCxxR9fsBdZJgQ3%2Fc4tzhBM1Bj28REJuMBQtHbdj30Jl0HcpjhpDoIDexjrDZDTK1NM%2BaHPedvdUQcJjmjw8L7UcTK8YwUcVj2jm54auFEvm9gZobguNr3WtyU3pQg9z419wnODng1ODq1ptBmIOkj8gNMC%2F1ufrHpxcy0LL3oDFwrfUksjFz0BAFrApHZRb4FMmSXBEl7EPlCWAn7pAWqxXAZocTbAyAd3hWDvJ3JxoxElzGB1jYwO9wZjA6%2FBus3SZcHiz3iYFOn%2BTpL%2F6NWit9Mo%2B1N1omPk%2FtgOFYsJMdZff23XFfqd8edIajH9RyhI%2BOBxQB83h68WNQObp9SYDnZqHKBRxvn0hQ6FoCrVXZ1FPVNHeat9eOg5wUhpzKk3sV6Ta2oeDPahqVfJ5eERGZ5Fd38fm9YKaaExY9Ctb%2FQU1JtzcKQydvg%3D%3D&quot;,&quot;name&quot;:&quot;sponsored-products-feedback-modal-sp_detail&quot;,&quot;header&quot;:&quot;Feedback mitteilen&quot;,&quot;footer&quot;:&quot;&lt;div id='sponsored-products-feedback-footer'&gt;&lt;/div&gt;&quot;,&quot;width&quot;:&quot;350&quot;}"> <a class="a-popover-trigger a-declarative">Feedback</a> </span> </div> </div> <div class="sp_dpOffer"> <a href="/gp/slredirect/picassoRedirect.html/ref=dp_sp_detail_6?ie=UTF8&amp;adId=A009503731CN9NFQIFTMX&amp;url=%2Fdp%2FB00ITO3I58%3Fpsc%3D1&amp;qualifier=508053&amp;id=4127747238624937810&amp;widgetName=sp_detail" title="Holle Bio Anfangsmilch &quot;1&quot; 6 x 400 g von Geburt an" target="_self"> <div class="a-carousel-photo"><img border="0" alt="" src="http://ecx.images-amazon.com/images/I/51tTQa75IGL._AC_SR160,160_.jpg"></div> <div data-rows="4" aria-hidden="true" class="sponsored-products-truncator-truncate sponsored-products-truncator-line-clamp-4">Holle Bio Anfangsmilch &quot;1&quot; 6 x 400 g von Geburt an</div> </a> <div class="a-row a-color-price"> EUR 52,04&nbsp; </div> </div> </div> </div> <script> P.when('A', 'call-on-visible').execute(function(A) { var offer = A.$("#0K8TTEBZSQ1S50KDN22N_sp_detail_1_7"); if (typeof offer.callOnVisible == "function") { offer.callOnVisible(function () { var img = new Image(); img.src = "http://fls-eu.amazon.com/1/amazon-clicks/1/OP/?requestId=0K8TTEBZSQ1S50KDN22N&childRequestId=0K8TTEBZSQ1S50KDN22N&widgetName=sp_detail&searchResultNumber=1&impressionRankOnAsin=7"; this.setAttribute("id", "0K8TTEBZSQ1S50KDN22N_sp_detail_1_7" + "_sent"); }); } }); </script> </li> </ol> </div> </div> <div class="a-carousel-col a-carousel-left"> <a class="a-button a-button-image a-carousel-button a-carousel-goto-prevpage" href="#" tabindex="0"> <span class="a-button-inner"> <i class="a-icon a-icon-previous"> <span class="a-icon-alt">Zurück</span> </i> </span> </a> </div> <div class="a-carousel-col a-carousel-right"> <a class="a-button a-button-image a-carousel-button a-carousel-goto-nextpage" href="#" tabindex="0"> <span class="a-button-inner"> <i class="a-icon a-icon-next"> <span class="a-icon-alt">Weiter</span> </i> </span> </a> </div> </div> </div> </div> </div> <div class="SP-Ad-Feedback"> <a href="#sp_detail_feedbackForm" id="sp_detail_feedbackMessage" class="dynamicSPFL">Anzeige-Feedback</a> </div> </div> <script type="text/javascript"> P.when('A', 'a-carousel-framework', 'AmazonClicks').execute(function (A, CF, AC) { CF.getCarousel(document.getElementById("sp_detail")); AC.registerFeedbackEvents("sp_detail_carousel", "sp_detail_feedbackMessage", "Anzeige-Feedback", "Feedback ausblenden", "pa_feedbackForm_container_sp_detail"); }); </script> <img src="http://fls-eu.amazon.com/1/amazon-clicks/1/OP/?requestId=0K8TTEBZSQ1S50KDN22N&amp;childRequestId=0K8TTEBZSQ1S50KDN22N&amp;widgetName=sp_detail" width="1" height="1"/> 











 
 
 


<div id="promotions_feature_div">







<hr class="bucketDivider" noshade="noshade" size="1">
  <div class="bucket" id="quickPromoBucketContent">
    <a id="productPromotions" name="productPromotions"></a>
    <h2>Hinweise und Aktionen</h2>
    




    <div class="disclaim">Größe: <strong>4 x 600g</strong></div>




    
    <div class="content">
      <ul class="qpUL">
        <li><div class="amabot_widget"><span class="hydraBreadCrumbRelatedSearchesTitle"> 

Hinweis zu den <b>Produktdetails und N&auml;hrwertangaben:</b> NRV / Nutrient Reference Values = Prozent der empfohlenen Tagesdosis eines durchschnittlichen Erwachsenen.
 &nbsp;</span></div><br></li><input type="hidden" name="productPromosHidden" id="productPromosHidden" />
      </ul>
      
    </div>
  </div>
    <script type="text/javascript">
      if (typeof showHideElement == 'function') {
        showHideElement('specialOffersHidden', 'specialOffersDiv');
        showHideElement('productPromosHidden', 'heroQuickPromoDiv');
      }
    </script>
</div>


<div id="view-dpv-rich-media_feature_div">







</div>


<div id="product-details-grid_feature_div">


<div id="product-details-grid_feature_div">




    















































    















    

	
	

















<hr noshade="noshade" size="1" class="bucketDivider"/>

<div style="overflow:hidden;">
<div id="prodDetails">
<a id="productDetails" name="productDetails"></a>
<noscript><style type='text/css'>
#prodDetails .attrG .pdTab{display:block}
#need-help-deciding{display:none}
#prodDetails .pdSprite{display:none}
#prodDetails .pdSectionSummary{display:none}
#prodDetails #wnsRM{display:none}
#prodDetails #wnsPostData{display:inline}
#prodDetails .expandFeature{display:none}
#prodDetails .collapseFeature{display:none}
</style></noscript>
<h2>Produktinformationen</h2>





    <div class="disclaim">Größe: <strong>4 x 600g</strong></div>




    
<div class="wrapper DElocale">
<div class="container">
  <div class="column col1 ">

      <div class="section techD">
         <div class="secHeader">
           <span>Produktdetails</span>
         </div>
         <div class="content pdClearfix">
     <div class="attrG" style='border:none' >
     <div class="fSec pdSection">
       <div class="pdPM">
         <a onclick="pdTreeSH(this);" href="javascript:void(0)" class="dpSprite pdSpriteMinus pdSprite"><span>Expand</span></a>
       </div>
       <div>
         <a onclick="pdTreeSH(this);" href="javascript:void(0)" class="pdSN">
           <span><strong>Allgemeine Produktinformationen</strong></span>
         </a>
       </div>
     </div>
     <div class="pdTab" style='display:block;'>
     <table cellspacing="0" cellpadding="0" border="0">
     <tbody>
         <tr class="size-weight"><td class="label">Artikelgewicht</td><td class="value">2,4 Kg</td></tr>



         <tr><td class="label">Produktbezeichnung</td><td class="value">Milchgetränk zur besonderen Ernährung von Kleinkindern</td></tr>









<tr class="allergenInformation"><td class="label"><b>Allergene</b></td><td class="value">Enthält: Milch, Sojabohnen, Fische</td></tr>




<tr class="safety-warnings"><td class="label">Warnhinweise</td><td class="value">Kindermilch 1+ ist f&#xFC;r Kinder ab 1 Jahr zum Trinken aus der Tasse oder dem Becher bestimmt.</td></tr>
         <tr><td class="label">Netto-Gewicht</td><td class="value">2.4 Kilogramm</td></tr>
         <tr><td class="label">Aufbewahrung</td><td class="value">Kühl (<25°) und trocken lagern</td></tr>
         <tr><td class="label">Verwendungsbedingungen</td><td class="value">Angebrochenen Innenbeutel innerhalb von 4 Wochen aufbrauchen.</td></tr>




         <tr><td class="label">Servierempfehlung</td><td class="value">Apatmil KinderMILCH 1+ schmeckt warm und kalt. Im Rahmen einer ausgewogenen Ernährung Ihres Kleinkindes wird eine tägliche Trinkmenge von ca. 300 ml MILCH empfohlen.</td></tr>




<tr class="mfgContact"><td class="label">Unternehmenskontakt</td><td class="value">milupa GmbH, 61379 Friedrichsdorf</td></tr>
         <tr><td class="label">Ursprungsland</td><td class="value">Deutschland</td></tr>
         <tr><td class="label">Marke</td><td class="value">Aptamil</td></tr>
         <tr><td class="label">Jahrgang</td><td class="value">NV</td></tr>
         <tr><td class="label">Format</td><td class="value">getrocknet</td></tr>
         <tr><td class="label">Altersstufe</td><td class="value">ab 13. Monat</td></tr>
         <tr><td class="label">Besonderheit</td><td class="value">Glutenfrei, Ohne Konservierungsstoffe, Ohne Farbstoffzusatz, Ohne Zusatz von Aromen, Zöliakie verträglich</td></tr>
         <tr><td class="label">Hersteller/Produzent</td><td class="value">Aptamil</td></tr>
     </tbody>
     </table>
     </div>
     </div>
     <div class="attrG"  >
     <div class=" pdSection">
       <div class="pdPM">
         <a onclick="pdTreeSH(this);" href="javascript:void(0)" class="dpSprite pdSpriteMinus pdSprite"><span>Expand</span></a>
       </div>
       <div>
         <a onclick="pdTreeSH(this);" href="javascript:void(0)" class="pdSN">
           <span><strong>Nährwertangaben</strong></span>
         </a>
       </div>
     </div>
     <div class="pdTab" style='display:block;'>
     <table cellspacing="0" cellpadding="0" border="0">
     <tbody>
         <tr><td class="label">Portionsgröße</td><td class="value">100 Gramm, 100 Gramm</td></tr>
         <tr><td class="label">Energie (kJ)</td><td class="value">1.785 kJ</td></tr>
         <tr><td class="label">Energie (kcal)</td><td class="value">0.426615 kcal</td></tr>
         <tr><td class="label">Fett</td><td class="value">2.2 Gramm</td></tr>
         <tr><td class="label">davon:</td><td class="value"> </td></tr>
         <tr><td class="label"> - Gesättigte Fettsäuren</td><td class="value">0.6 Gramm</td></tr>
         <tr><td class="label"> - Einfach ungesättigte Fettsäuren</td><td class="value">1.2 Gramm</td></tr>
         <tr><td class="label"> - Mehrfach ungesättigte Fettsäuren</td><td class="value">0.4 Gramm</td></tr>
         <tr><td class="label">Kohlenhydrate</td><td class="value">5.1 Gramm</td></tr>
         <tr><td class="label">davon:</td><td class="value"> </td></tr>
         <tr><td class="label"> - Zucker</td><td class="value">43.3 Gramm</td></tr>
         <tr><td class="label">Ballaststoffe</td><td class="value">1.0 Gramm</td></tr>
         <tr><td class="label">Eiweiß</td><td class="value">1.9 Gramm</td></tr>
         <tr><td class="label">Salz</td><td class="value">0.07 Gramm</td></tr>
         <tr><td class="label">Natrium</td><td class="value">232 Milligramm</td></tr>
         <tr><td class="label">Vitamin A</td><td class="value">663 Mikrogramm (82.88% NRV)</td></tr>
         <tr><td class="label">Vitamin D</td><td class="value">26 Mikrogramm (520% NRV)</td></tr>
         <tr><td class="label">Vitamin E</td><td class="value">9.1 Milligramm (75.83% NRV)</td></tr>
         <tr><td class="label">Vitamin K</td><td class="value">47 Mikrogramm (62.67% NRV)</td></tr>
         <tr><td class="label">Vitamin C</td><td class="value">61 Milligramm (76.25% NRV)</td></tr>
         <tr><td class="label">Thiamin</td><td class="value">0.34 Milligramm (30.91% NRV)</td></tr>
         <tr><td class="label">Niacin</td><td class="value">0.85 Milligramm (5.31% NRV)</td></tr>
         <tr><td class="label">Vitamin B6</td><td class="value">0.42 Milligramm (30% NRV)</td></tr>
         <tr><td class="label">Folsäure</td><td class="value">126 Mikrogramm (63% NRV)</td></tr>
         <tr><td class="label">Vitamin B12</td><td class="value">3.8 Mikrogramm (152% NRV)</td></tr>
         <tr><td class="label">Biotin</td><td class="value">14 Mikrogramm (28% NRV)</td></tr>
         <tr><td class="label">Pantothensäure</td><td class="value">3.3 Milligramm (55% NRV)</td></tr>
         <tr><td class="label">Kalium</td><td class="value">1389 Milligramm (69.45% NRV)</td></tr>
         <tr><td class="label">Calcium</td><td class="value">1131 Milligramm (141.38% NRV)</td></tr>
         <tr><td class="label">Phosphor</td><td class="value">949 Milligramm (135.57% NRV)</td></tr>
         <tr><td class="label">Magnesium</td><td class="value">110 Milligramm (29.33% NRV)</td></tr>
         <tr><td class="label">Eisen</td><td class="value">7.6 Milligramm (54.29% NRV)</td></tr>
         <tr><td class="label">Jod</td><td class="value">215 Mikrogramm (143.33% NRV)</td></tr>
<tr><td class="lAttr">&nbsp;</td><td class="lAttr">&nbsp;</td></tr>
     </tbody>
     </table>
     </div>
     </div>
</div>
      </div>

</div>
</div>
  <div class="column col2 ">

      <div class="section techD">
         <div class="secHeader">
           <span>Zusätzliche Produktinformationen</span>
         </div>
         <div class="content pdClearfix">
     <div class="attrG" style='border:none' >
     <div class="pdTab" style='display:block;'>
     <table cellspacing="0" cellpadding="0" border="0">
     <tbody>
         <tr><td class='label'>ASIN</td><td class='value'>B00BSNACII</td></tr>




<tr class="average_customer_reviews">  <td class="label">Durchschnittliche Kundenbewertung</td>  <td class="value"><span class="dpProductDetailB00BSNACII">
  <span class="a-declarative" data-action="a-popover" data-a-popover="{&quot;closeButton&quot;:&quot;false&quot;,&quot;max-width&quot;:&quot;700&quot;,&quot;position&quot;:&quot;triggerBottom&quot;,&quot;url&quot;:&quot;/review/widgets/average-customer-review/popover/ref=acr_dpproductdetail_popover/277-7281789-8489225?ie=UTF8&amp;asin=B00BSNACII&amp;contextId=dpProductDetail&amp;ref=acr_dpproductdetail_popover&quot;}">
    <a href="javascript:void(0)" class="a-popover-trigger a-declarative">
      <a class="a-link-normal a-text-normal" href="http://www.amazon.de/product-reviews/B00BSNACII/ref=acr_dpproductdetail_text/277-7281789-8489225?ie=UTF8&showViewpoints=1">
        <i class="a-icon a-icon-star a-star-4-5"><span class="a-icon-alt">4.5 von 5 Sternen</span></i>
      </a>
    <i class="a-icon a-icon-popover"></i></a>
  </span>
  <span class="a-letter-space"></span>
  <span class="a-size-small">
    <a class="a-link-normal" href="http://www.amazon.de/product-reviews/B00BSNACII/ref=acr_dpproductdetail_text/277-7281789-8489225?ie=UTF8&showViewpoints=1">
      31 Kundenrezensionen
    </a>
  </span>
</span></td></tr>




























<tr id="SalesRank"><td class="label">Amazon Bestseller-Rang</td><td class="value">


















Nr. 1 in Lebensmittel & Getränke (<a href="http://www.amazon.de/gp/bestsellers/grocery/ref=pd_dp_ts_grocery_1/277-7281789-8489225">Siehe Top 100</a>)
 






















<ul class="zg_hrsr">
    <li class="zg_hrsr_item">
    <span class="zg_hrsr_rank">Nr. 1</span>
    <span class="zg_hrsr_ladder">in&nbsp;<a href="http://www.amazon.de/gp/bestsellers/grocery/ref=pd_zg_hrsr_grocery_1_1/277-7281789-8489225">Lebensmittel & Getränke</a> &gt; <a href="http://www.amazon.de/gp/bestsellers/grocery/358555031/ref=pd_zg_hrsr_grocery_1_2/277-7281789-8489225">Babynahrung</a> &gt; <a href="http://www.amazon.de/gp/bestsellers/grocery/364603031/ref=pd_zg_hrsr_grocery_1_3/277-7281789-8489225">Milchnahrung</a> &gt; <a href="http://www.amazon.de/gp/bestsellers/grocery/1386609031/ref=pd_zg_hrsr_grocery_1_4_last/277-7281789-8489225">Kindermilch</a></span>
    </li>
</ul>
</td></tr>






<tr class="shipping-weight"><td class="label">Produktgewicht inkl. Verpackung</td><td class="value">2,9 Kg</td></tr>





<tr><td class="label">Versand:</td><td class="value">Dieser Artikel wird, wenn er von Amazon verkauft und versandt wird, ggfs. auch außerhalb Deutschlands versandt. Näheres erfahren Sie im Bestellvorgang.</td></tr>















<tr class="date-first-available"><td class="label">Im Angebot von Amazon.de seit</td><td class="value">12. März 2013</td></tr>
<tr><td class="lAttr">&nbsp;</td><td class="lAttr">&nbsp;</td></tr>
     </tbody>
     </table>
     </div>
     </div>
</div>
      </div>

      <div class="section techD">
         <div class="secHeader">
           <span>Amazon.de Rückgabegarantie</span>
         </div>
         <div class="content pdClearfix">



<div id="wns">
<strong>Unsere freiwillige Amazon.de Rückgabegarantie:</strong> Unabhängig von Ihrem gesetzlichen Widerrufsrecht können Sie sämtliche Produkte, die von Amazon.de direkt versandt werden, innerhalb von 30 Tagen ab Erhalt der Ware an Amazon.de zurückgeben, sofern die Ware vollständig ist und sich in ungebrauchtem und unbeschädigtem Zustand befindet. Weiteres finden Sie unter <a href=/gp/help/customer/display.html/ref=orc_hp_s_retpol?ie=UTF8&nodeId=504958#Fristen>Rücksendedetails.</a>
    </span>
</div>




</div>
      </div>

      <div class="section techD">
         <div class="secHeader">
           <span>Feedback</span>
         </div>
         <div class="content pdClearfix">
		
	
		
	
		
	
			
			
			

            
            
            
            
            
            
			&nbsp;Möchten Sie <b><a href="https://www.amazon.de/gp/gfix/imageCorrection.html/ref=gfix-product-details-image/277-7281789-8489225?ie=UTF8&ASIN=B00BSNACII&merchantID=A3JWKAKR8XB7XF&storeID=grocery">Feedback zu Bildern geben</a></b> oder uns <b><a href="#" id="ns_0K8TTEBZSQ1S50KDN22N_4844_1_hmd_pricing_feedback_trigger_product-details">über einen günstigeren Preis informieren</a></b>?    <script>
    P.now("A","tellMeMoreLinkData").execute(function(A,tellMeMoreLinkData){
        if(typeof tellMeMoreLinkData !== 'undefined'){
            A.state('lowerPricePopoverData',{"trigger":"ns_0K8TTEBZSQ1S50KDN22N_4844_1_hmd_pricing_feedback_trigger_product-details","destination":"/gp/pdp/pf/pricingFeedbackForm.html/ref=/277-7281789-8489225?ie=UTF8&ASIN=B00BSNACII&PREFIX=ns_0K8TTEBZSQ1S50KDN22N_4844_2_&from=product-details&m=A3JWKAKR8XB7XF&storeID=groceryencodeURI('&originalURI=' + window.location.pathname)","url":"/gp/pdp/pf/pricingFeedbackForm.html/ref=/277-7281789-8489225?ie=UTF8&ASIN=B00BSNACII&PREFIX=ns_0K8TTEBZSQ1S50KDN22N_4844_2_&from=product-details&m=A3JWKAKR8XB7XF&storeID=grocery","nsPrefix":"ns_0K8TTEBZSQ1S50KDN22N_4844_2_","path":"encodeURI('&originalURI=' + window.location.pathname)","title":"Informieren Sie uns über einen günstigeren Preis"});
            return {
                   key:"pricing-fbW",
                   method: function(){
                                     return {"trigger":"ns_0K8TTEBZSQ1S50KDN22N_4844_1_hmd_pricing_feedback_trigger_product-details","destination":"/gp/pdp/pf/pricingFeedbackForm.html/ref=/277-7281789-8489225?ie=UTF8&ASIN=B00BSNACII&PREFIX=ns_0K8TTEBZSQ1S50KDN22N_4844_2_&from=product-details&m=A3JWKAKR8XB7XF&storeID=groceryencodeURI('&originalURI=' + window.location.pathname)","url":"/gp/pdp/pf/pricingFeedbackForm.html/ref=/277-7281789-8489225?ie=UTF8&ASIN=B00BSNACII&PREFIX=ns_0K8TTEBZSQ1S50KDN22N_4844_2_&from=product-details&m=A3JWKAKR8XB7XF&storeID=grocery","nsPrefix":"ns_0K8TTEBZSQ1S50KDN22N_4844_2_","path":"encodeURI('&originalURI=' + window.location.pathname)","title":"Informieren Sie uns über einen günstigeren Preis"};
                                     }
                   }
        }
        else{
                P.when("A").register("tellMeMoreLinkData",function(A){
                    A.state('lowerPricePopoverData',{"trigger":"ns_0K8TTEBZSQ1S50KDN22N_4844_1_hmd_pricing_feedback_trigger_product-details","destination":"/gp/pdp/pf/pricingFeedbackForm.html/ref=/277-7281789-8489225?ie=UTF8&ASIN=B00BSNACII&PREFIX=ns_0K8TTEBZSQ1S50KDN22N_4844_2_&from=product-details&m=A3JWKAKR8XB7XF&storeID=groceryencodeURI('&originalURI=' + window.location.pathname)","url":"/gp/pdp/pf/pricingFeedbackForm.html/ref=/277-7281789-8489225?ie=UTF8&ASIN=B00BSNACII&PREFIX=ns_0K8TTEBZSQ1S50KDN22N_4844_2_&from=product-details&m=A3JWKAKR8XB7XF&storeID=grocery","nsPrefix":"ns_0K8TTEBZSQ1S50KDN22N_4844_2_","path":"encodeURI('&originalURI=' + window.location.pathname)","title":"Informieren Sie uns über einen günstigeren Preis"});
                    return {
                           key:"pricing-fbW",
                           method: function(){
                                             return {"trigger":"ns_0K8TTEBZSQ1S50KDN22N_4844_1_hmd_pricing_feedback_trigger_product-details","destination":"/gp/pdp/pf/pricingFeedbackForm.html/ref=/277-7281789-8489225?ie=UTF8&ASIN=B00BSNACII&PREFIX=ns_0K8TTEBZSQ1S50KDN22N_4844_2_&from=product-details&m=A3JWKAKR8XB7XF&storeID=groceryencodeURI('&originalURI=' + window.location.pathname)","url":"/gp/pdp/pf/pricingFeedbackForm.html/ref=/277-7281789-8489225?ie=UTF8&ASIN=B00BSNACII&PREFIX=ns_0K8TTEBZSQ1S50KDN22N_4844_2_&from=product-details&m=A3JWKAKR8XB7XF&storeID=grocery","nsPrefix":"ns_0K8TTEBZSQ1S50KDN22N_4844_2_","path":"encodeURI('&originalURI=' + window.location.pathname)","title":"Informieren Sie uns über einen günstigeren Preis"};
                                             }
                           }
			    });
            }
    });
    </script>

</div>
      </div>



</div>
<div style="height:0;clear:left;">&nbsp;</div>
</div>
<script type="text/javascript">
function pdTreeSH(a){
      P.when("jQuery", "ready").execute(function($){
        var $l=$(a).parent().parent();
        $l.parent().children().filter(".pdTab").toggle();
        $l.find(".pdSectionSummary").toggle();
        $l.find(".pdSprite").toggleClass("pdSpritePlus").toggleClass("pdSpriteMinus");
      });
}

function pdToggleSections(a, expand){
      P.when("jQuery", "ready").execute(function($){
       var $l = $(a).parent();
       $l.children().filter(".expandFeature,.collapseFeature").toggle();
       if(expand == 1){
          $l.parent().children().children().children().filter(".pdTab").show();
          $l.parent().children().children().children().children().children().filter(".pdSprite").removeClass("pdSpritePlus").addClass("pdSpriteMinus");
          $l.parent().children().children().children().children().children().children().filter(".pdSectionSummary").hide();
        } else {
          $l.parent().children().children().children().filter(".pdTab").hide();
          $l.parent().children().children().children().children().children().filter(".pdSprite").addClass("pdSpritePlus").removeClass("pdSpriteMinus");
          $l.parent().children().children().children().children().children().children().filter(".pdSectionSummary").show();
        }
     });
}

    P.when("jQuery", "a-popover", "ready").execute(function ($, popover) {
        $("#prodDetails .help").each(function(){
          var $selectedTechAttribute = $(this); 
          var $keyLookUp = $selectedTechAttribute.attr('href');
          var $title = $selectedTechAttribute.html();
          popover.create($selectedTechAttribute, {
            "position": "triggerRight",
            "header": $title,
            "url": $keyLookUp,
            "ajaxFailMsg": 'No help associated with this attribute'
          });
       });
    });

</script>
</div>
</div>


















</div>
</div>


<div id="important-information_feature_div">


<div id="important-information_feature_div">

  
    







<a name="importantInformation"></a>
<div id="importantInformation">
  <hr noshade="true" size="1" class="bucketDivider" />
  <div class="bucket">
    <h2>Wichtige Informationen</h2>
    <div class="content">
<b>Warnhinweise</b><br />Kindermilch 1+ ist f&#xFC;r Kinder ab 1 Jahr zum Trinken aus der Tasse oder dem Becher bestimmt.<br /><br /><b>Haftungsausschluss</b><br />Amazon.de ist nicht Hersteller der auf dieser Internetseite angebotenen Waren, es sei denn, dies wird ausdrücklich angegeben. Die Produktverpackung und zugehörigen Dokumente enthalten möglicherweise Angaben, die über die auf unserer Internetseite gemachten Angaben hinausgehen und/oder sich von ihnen unterscheiden. Wir empfehlen Ihnen daher, sich nicht allein auf die Angaben zu verlassen, die auf unserer Internetseite angezeigt werden, sondern sich vor Gebrauch der Ware stets auch sorgfältig die Etiketten, Warnhinweise und Anleitungen durchzulesen, die mit der Ware geliefert werden. Bitte nehmen Sie nachfolgend auch <a href="#legal-disclaimer">unseren vollständigen Haftungsausschluss</a> zur Kenntnis.    </div>
  </div>
</div>










</div>
</div>


<div id="product-description_feature_div">


<div id="dpx-product-description_feature_div">












        
        
        
        
  




























<div id="biss-product-description-and-details"></div>
<div id="descriptionAndDetails" class="a-section a-spacing-extra-large">
    <div id="productDescription_feature_div" class="feature" data-feature-name="productDescription">




    

    
    
    
        
            
                
	                
	                
	                	



    
    <div id="productDescription_feature_div" data-feature-name="productDescription" data-template-name="productDescription" class="a-row feature">
         
            
            
                <div class="a-divider a-divider-section"><div class="a-divider-inner"></div></div>
               
                 
                 <h2 class="default">Produktbeschreibungen</h2>
                
                
                

            
            
                
                
                  





    <div id="productDescription" class="a-section a-spacing-small">
        





  
    
       
        
          
        <div class="disclaim">
          
            
            
            
             Größe:<strong>4 x 600g</strong>
            
          
          </div>
        
      
    
  


        
        
     
	       
     
                              
     
       	       
        
        <!-- show up to 2 reviews by default --> 
        
        	
        		<h3>Produktbeschreibung</h3>
        	
        	
        		
        			<p><div class="aplus"> <div class="leftImage"><img src="https://images-eu.ssl-images-amazon.com/images/G/03/grocery/Aptamil-Logo.jpg" /></div> <h4></h4> <p></p> <div class="break"></div> <p>&nbsp;</p> <div class="rightImage"><img alt="Aptamil. Heute f&uuml;r Morgen." src="https://images-eu.ssl-images-amazon.com/images/G/03/grocery/AM_Milchglas.jpg" /></div> <h4>Aptamil. Heute f&uuml;r Morgen.</h4> <p>Die Phase ab dem ersten Geburtstag ist f&uuml;r das <strong>Wachstum und die Entwicklung</strong> Ihres Kindes wichtig. Mit der richtigen Ern&auml;hrung unterst&uuml;tzen Sie seine <strong>gesunde Entwicklung</strong> schon heute. Milch spielt hierbei eine wichtige Rolle, da sie essentielle N&auml;hrstoffe enth&auml;lt, die Ihr Kind t&auml;glich ben&ouml;tigt.</p> <p>Daher arbeiten unsere Forscher auf Basis neuester Forschungserkenntnisse und Empfehlungen von Ern&auml;hrungsexperten kontinuierlich an der optimalen Zusammensetzung unserer Kindermilch.</p> <div class="break"></div> <p>&nbsp;</p> <div class="leftImage"><img alt="Entspricht den neuesten Empfehlungen zur Zusammensetzung" src="https://images-eu.ssl-images-amazon.com/images/G/03/grocery/AM_Kimi_Milchtropfen.jpg" /></div> <h4>Entspricht den neuesten Empfehlungen zur Zusammensetzung</h4> <p>Die neue Aptamil Kindermilch ab 1 Jahr folgt in ihrer Zusammensetzung den aktuellen Empfehlungen und ist so optimal auf den N&auml;hrstoffbedarf Ihres Kleinkindes abgestimmt.</p> <div class="break"></div> <p>&nbsp;</p> <div class="rightImage"><img alt="Unsere Rezeptur" src="https://images-eu.ssl-images-amazon.com/images/G/03/grocery/AM_Kimi1_Puzzleteile.jpg" /></div> <h4>Unsere Rezeptur</h4> <p>Die neue Aptamil Kindermilch entspricht den neusten Empfehlungen. Sie enth&auml;lt zur altersgerechten Ern&auml;hrung Ihres Kindes:</p> <ul> <li><strong>Vitamin A, C und D</strong>, die auf nat&uuml;rliche Weise zu einem gesunden Immunsystem beitragen</li> <li><strong>Vitamin D und Calcium</strong> f&uuml;r das normale Wachstum und die Entwicklung der Knochen</li> <li>einen altersgerecht reduzierten <strong>Eiwei&szlig;gehalt</strong></li> <li> patentierte <strong>Prebiotics (GOS/FOS)</strong></li> </ul> So tragen Sie mit der neuen Aptamil Kindermilch schon heute dazu bei, die Grundlage f&uuml;r eine gesunde Zukunft Ihres Kindes zu legen. <p></p> </div>
				    	
					</p>
        		
        		
        	
        
        	
        		<h3>Inhaltsstoffe / Zutaten</h3>
        	
        	
        		
        			<p>MAGERMILCH, Molkenerzeugnis (demineralisierte Molke, Molkenproteinkonzentrat)(aus MILCH), Galactooligosaccharide (aus MILCH), Palm&#xF6;l, Lactose (aus MILCH), Sonnenblumen&#xF6;l, Raps&#xF6;l, Kaliumorthophosphat, Calciumorthophosphat, Fructooligosaccharide, FISCH&#xD6;L,  Magnesiumcitrat, Calciumcarbonat, Emulgator (SOJALECITHIN), Vitamin C, Eisen-II-sulfat, Magnesiumorthophosphat,  Vitamin E,  Vitamin D, Vitamin B12, Pantothens&#xE4;ure, Fols&#xE4;ure, Vitamin A, Vitamn B2, Biotin, Niacin, Vitamin B6, Vitamin B1, Kaliumiodid, Vitamin K
				    	
					</p>
        		
        		
        	
        
                
        
        
            
            <a class="a-link-normal" href="/dp/product-description/B00BSNACII/ref=dp_proddesc_0?ie=UTF8&n=340846031&s=grocery&isInIframe=0">    
            Alle Produktbeschreibungen</a>
        
      
      
    
    </div>

     
        <style type="text/css">
#productDescription {
    font-family: verdana,arial,helvetica,sans-serif;
    color: #333333;
    word-wrap: break-word;
    font-size: small;
    line-height: initial;
    margin: 0.5em 0px 0em 25px;
}

#productDescription_feature_div > h2.default {
    color: #CC6600;
    font-size: medium;
    margin: 0 0 0.25em;
    font-family: verdana,arial,helvetica,sans-serif;
}

#productDescription_feature_div > h2.books {
    color:#333 !important;
    font-size:21px !important;
    line-height: 1.3;
    padding-bottom: 4px;
    font-weight: normal;
    font-family:Arial, sans-serif;
    margin: 0px;
}

#productDescription_feature_div > h2.softlines {
    color:#333 !important; 
    font-size:21px !important;
    line-height: 1.3;
    padding-bottom: 4px;
    font-weight: bold;
    font-family:Arial, sans-serif;
    margin: 0px;
}
#productDescription > p, #productDescription > div, #productDescription > table {
    margin: 0 0 1em 0;
}

#productDescription p {
    margin: 0em 0 1em 1em;
}

#productDescription h3 {
    font-weight: normal;
    color: #333333;
    font-size: 1.23em;
    clear: left;
    margin: 0.75em 0px 0.375em -15px;
}

#productDescription table {
    border-collapse: inherit !important;
    margin-bottom: 0;
}

#productDescription table img {
    max-width: inherit !important;
}

#productDescription table td {
    font-size: small;
    vertical-align: inherit !important;
}

#productDescription ul li {
    margin: 0 0 0 20px;
}

#productDescription ul li ul {
    list-style-type: disc !important;
    margin-left: 20px !important;
}

#productDescription ul ul li {
    list-style-type: disc !important;
    margin-left: 20px !important;
}

#productDescription > ul ul li {
    list-style-type: disc !important;
}   


#productDescription ul li ul li {
    margin: 0 0 0 20px;
}

#productDescription .aplus p {
    margin: 0 0 1em 0;
}

#productDescription small {
    font-size: smaller;
}

#productDescription.prodDescWidth {
	max-width: 1000px
}

</style>

<!-- Used to set table width because AUI is overriding the width attribute of the tables coming in description -->
<script type="text/javascript">
P.when('jQuery').execute(function($){
    $("#productDescription table").each(function() {
        var width = $(this).attr('width');
        if (width) width += 'px';
        else width = 'auto';
        $(this).css('width', width);

        var padding = $(this).attr('cellpadding');
        if (padding) padding += 'px';
        else padding = '0px';
        $(this).css('padding', padding);
    });
});
</script>

    



                
                
            
        
    </div>


	                
                
            
        
        
        
        
        
        
    
    
    

    















    </div>
</div>
</div>
</div>


<div id="dpx-aplus-product-description_feature_div">











        
        
        
        
  















    <div id="aplus_feature_div" class="feature" data-feature-name="aplus">




    

    
    
    
        
        
        
            
                
                    



                
                
            
        
        
        
        
    
    
    

    















    </div>
</div>


    
    
    
     






<div id="cpsia-product-safety-warning_feature_div">
</div>






<div id="dp-out-of-stock-top_feature_div">

    


  


  
  








<div id="dp-out-of-stock-3psl">















<style type="text/css">
#sponsoredLinksCSA {
  clear: both;
  height: 0px;
  overflow: hidden;
  width: 100%;
}
</style>

<div id="sponsoredLinksCSA">
<hr size="1" noshade="noshade" class="bucketDivider"></hr>
<div class="AUI_bucket celwidget" id="AUI_A9AdsMiddleBoxTop">
  <h2 style="display: inline;" id="AUI_A9AdsWidgetAdsTitle">Kunden, die diese Seite anzeigen, sind u.U. an diesen gesponserten Links interessiert.</h2>&nbsp; 
  <span class="AUI_SponsoredLinkSmall" id="AUI_a9whatsthis">(<a onclick="return amz_js_PopWin(this.href,'AmazonHelp','width=450,height=450,resizable=1,scrollbars=1,toolbar=1,status=1');" target="AmazonHelp" href="/gp/ads/whats-this.html">Was ist das?</a>)
  </span>
<div id="AUI_SlDiv_0">
<div id="AUI_A9AdsWidgetAdsWrapper">


<div>
  <table style="margin-top:10px;">
   <tbody>
       <tr>
        <td>
        <iframe id="sponsoredLinksCsaIframe" style="width:100%" title="SponsoredLinks" frameborder="0" marginheight="0" marginwidth="0"
            scrolling="no" allowtransparency="true" width="1" height="1" class="ap_never_hide"></iframe>
        </td>
        </tr>
   </tbody>
  </table> 





</div>

    </div>
  </div>
</div>
</div>
<div style="clear: left;"></div>

<script>

var showSLF;
var slStartTime = new Date().getTime();
var slEndTime;
var jsSlLoaded;
var cfSlLoaded;
var iframeDoc;
var readyCallGoogle;

var a9_3psl_sessionId = "277-7281789-8489225";
var a9_3psl_marketplace = "DE";
var a9_3psl_marketplaceId = "A1PA6795UKMFR9";
var a9_3psl_requestId = "0K8TTEBZSQ1S50KDN22N";
var a9_3psl_method = "Detail";

  
var a9_3psl_fVip = "https://fls-eu.amazon.com";
var a9_3psl_fApiVersion = "1";
var a9_3psl_fChannelId = "a9-sl-requests";
var a9_3psl_fChannelVersion = "2";
var a9_3psl_fAction = "OP";
var a9_3psl_fProgramGroup = "a9-sl";

var sendLoggingRequest = function (metric)
{
   var a9_3psl_fMetrics = metric;
   var a9_3psl_fUrl = [a9_3psl_fVip, a9_3psl_fApiVersion, a9_3psl_fChannelId, a9_3psl_fChannelVersion, a9_3psl_fAction, a9_3psl_fProgramGroup, "action", a9_3psl_fMetrics].join("/");
  
   new Image().src = a9_3psl_fUrl 
            + "?"
            + "marketplaceId=" + encodeURIComponent(a9_3psl_marketplaceId)
            + "&session=" + encodeURIComponent(a9_3psl_sessionId)
            + "&requestId=" + encodeURIComponent(a9_3psl_requestId)
            + "&marketplace=" + encodeURIComponent(a9_3psl_marketplace)
            + "&service=ClientSideSL"
            + "&method=" + a9_3psl_method;
}  

var pageOptions = {
	'pubId': 'amazon-de',
	'query': 'Aptamil Kindermilch 1+ ab 1 Jahr, 4er Pack (4 x 600 g)',
	'domTemplate': 'threeColumnNumbered',
	'cssFileName': 'amazon_bulleted_three_column',
	'channel': 'g-channel-47+g-channel-58',
	'adIconUrl': 'http://afs.googleusercontent.com/amazon/icon-offsite-sl-7069-t4._V171196157_.png',
	'linkTarget': '_blank',
	'hl': 'de',
	'gl': 'de',
	'adtest': 'off',
	'adPage': 1,
	'referrer': ''
}; 
var adblock1 = {
	'container': 'sponsoredLinksContent',
	'number': 4,
	'clicktrackUrl': 'http://rd-eu.a9.com/srv/redirect/?info=AGl0SgBnqjsuj3KOh0ril5ROByaDFSBdc1MmGDdBuVt8DvVONweLkw.n8kBpdit6BC3Yhnrziwse6KZ4Y5Y.JpPjMal9--qTD5khMw1Ppnq4WGktgf9Qpr6ovUkFEwd9BXO38ITfhYQiHMJmW51YTIVwbPOQJiy4lnZbPPiYr3ALmnMuOU6h33J-kchhXe42LjTf91M9LuEHyxqRlAOf5v5UQbeXn2WEwR8fCiQJp9cvSeai6EJskl1-VYLruIXK53.KfZHdHBzS8uVvUiR9Un6AQBYsYz.k7IUi3VJYBFi9qIYzT-pwjv9UQDEKbGzegDtx4O8E73trq.cnIXO0hVOyiE0lDKiMQg__&awt=1&s='
};

var handleSLSize = function(hSl) {
  if(hSl <= 0) {return;}
  document.getElementById("sponsoredLinksCSA").style.height='auto';
  document.getElementById("sponsoredLinksCSA").style.overflow='visible';
  document.getElementById("sponsoredLinksCsaIframe").height= hSl;
}

var handleLoadedSL = function(visUrls) {
  var adsLoaded = visUrls.length;
  slEndTime = new Date().getTime();
  var getTime = slEndTime - slStartTime;

  var requestId = "0K8TTEBZSQ1S50KDN22N";
  var requestTag = "hrFhn8/fAP9HpMcQ";
  var sessionId = "277-7281789-8489225";
  var marketplace = "DE";
  var marketplaceId = "A1PA6795UKMFR9";
  var method = "Detail";
  
  var fVip = "https://fls-eu.amazon.com";
  var fApiVersion = "1";
  var fChannelId = "a9-sl-requests";
  var fChannelVersion = "1";
  var fAction = "OP";
  var fProgramGroup = "a9-sl";
  
  var jsLoadedTime = jsSlLoaded - slStartTime;
  var csaGet = slEndTime - jsSlLoaded;
  var cfTime = cfSlLoaded - slStartTime;
  var readyCallGoogleTime = readyCallGoogle - slStartTime;
  
  var fMetrics = "time_elapsed_csa_:total@v=" + getTime
    + ",jsLoaded@v=" + jsLoadedTime
    + ",cfLoaded@v=" + cfTime
    + ",readyCallGoogle@v=" + readyCallGoogleTime
    + ",GET@v=" + csaGet + ":u=ms";
    
  var fUrl = [fVip, fApiVersion, fChannelId, fChannelVersion, fAction, fProgramGroup, "action", fMetrics].join("/");

  var visUrlsPlaceHolder = [];
  for( var i = 1; i <= visUrls.length; i++)
  {
     visUrlsPlaceHolder.push("visUrl" + i);    
  }
  
  new Image().src = fUrl 
      + "?" 
      + "marketplaceId=" + encodeURIComponent(marketplaceId)
      + "&session=" + encodeURIComponent(sessionId)
      + "&requestId=" + encodeURIComponent(requestId)
      + "&marketplace=" + encodeURIComponent(marketplace)
      + "&requestTag=" + encodeURIComponent(requestTag)
      + "&service=ClientSideSL"
      + "&adsLoaded=" + encodeURIComponent(adsLoaded)
      + "&method=" + encodeURIComponent(method)
      + "&visUrls=" + encodeURIComponent(visUrlsPlaceHolder)
      + "&logType=impression";
  
};

var slAdsArgs = {
	"adProperties": adblock1, 
	"pageOptions": pageOptions, 
	"operation": "showSLAds"
};

function initSLFrame() {

		cfSlLoaded = new Date().getTime();
		
		var two_column_format_threshold = 1180; 
		browserWidth = window.innerWidth || document.body.clientWidth;
		var isTwoColumn = 0;
		if ( browserWidth && browserWidth < two_column_format_threshold )
		{
		    pageOptions['domTemplate'] = 'twoColumnBulleted';
		    isTwoColumn = 1;
		}
		
		if ( 'false' == 'true' )
		{
		    if (isTwoColumn)
		    {
		         pageOptions['cssFileName'] = 'amazon_grey_bulleted_two_column';
		    }
		    else
		    {
		         pageOptions['cssFileName'] = 'amazon_numbered_three_column_for_non_Search';		    
		    }
		} else{
		    if (isTwoColumn)
		    {
		         pageOptions['cssFileName'] = 'amazon_bulleted_two_column';
		    }
		    else
		    {
		         pageOptions['cssFileName'] = 'amazon_numbered_three_column_for_non_Search';		    
		    }
		
		}
		
		var slIframeElem = document.getElementById("sponsoredLinksCsaIframe");
		if(slIframeElem) {
			slIframeElem.contentWindow.postMessage(JSON.stringify(slAdsArgs), "https://d14qd3he45186l.cloudfront.net");
		}
}


var emitSLFeedbackForm = function(visUrls) {};

var processSLIframeMessage = function(event) {
 try{
	if(event.origin != 'https://d14qd3he45186l.cloudfront.net') {
		return;
	}
	var slMessage = JSON.parse(event.data);
	if(slMessage.operation == 'adsReturned') {
		handleLoadedSL(slMessage.visUrls);
		emitSLFeedbackForm(slMessage.visUrls);
	} else if(slMessage.operation == 'jsLoaded') {
		jsSlLoaded = new Date().getTime();
		readyCallGoogle = slMessage.readyCallGoogle;
	} else if(slMessage.operation == 'resize') {
		handleSLSize(slMessage.height);
	} else if(slMessage.operation == 'initializeFrame') {
		initSLFrame();
	}
  }
  catch(e)
  {
  }
}

if(typeof registeredSLEventListener == 'undefined') {
	var registeredSLEventListener = 1;
	if(window.addEventListener) {
		window.addEventListener("message", processSLIframeMessage, false);
	} else {
		window.attachEvent("onmessage", processSLIframeMessage);
	}
}

var sponsoredlinks_isPlacementChose = 0;

P.when('jQuery','cf').execute(function($) {

   	  if (sponsoredlinks_isPlacementChose)
   	  {
   	  	  return;
   	  }
   	  
   	  var topElem = document.getElementById("dp-out-of-stock-3psl");
   	  var bottomElem = document.getElementById("dp-ads-middle-3psl");
   	  
   	  
   	  if ( !bottomElem || !topElem )
   	  {
   	     return;
   	  }
 
   	  
   	  var topYPosition = $('#dp-out-of-stock-3psl').offset().top;
   	  var screenY = $(window).height();;
   	  
   	  
   	  if ( topYPosition <= screenY )
   	  {
   	      $('#dp-out-of-stock-3psl').empty();
   	      
     	  sendLoggingRequest("js_csa_:change_placement@v=1");
   	  }else{
   	  	  $('#dp-ads-middle-3psl').empty();
   	  }

      sendLoggingRequest("js_csa_:high_placement_request@v=1");   	     	  
      sponsoredlinks_isPlacementChose = 1;      
      
   	  var slIframeElem = document.getElementById("sponsoredLinksCsaIframe");
	
	  if(slIframeElem) {
    	  slIframeElem.src="https://d14qd3he45186l.cloudfront.net/ads-search32.html";
	  }
});

 
</script>

</div>

</div>



  
  
  
  

  
  <style> .sp-dp-ellipsis { overflow: hidden; white-space: normal; } .sp-dp-offer-title { max-height: 76px; } .sp-dp-author { max-height: 17px; } </style> <hr size="1" noshade="noshade" class="bucketDivider"> <div id="sponsored-products-dp_feature_div" style="overflow:hidden;"> <div class="a-section a-spacing-none a-row"> <div id="sp_detail2" data-a-display-strategy="swap" data-a-transition-strategy="swap" data-a-ajax-strategy="clicksCustomAjax" data-a-carousel-options='{"name":"sp_detail2_carousel", "initialSeenAsins":"\"B013P1445C\",\"B0118X3SC4\",\"B01G2F7XYM\",\"B00KDFB4LG\",\"B015B1BWTA\",\"B00R4996YQ\",\"B00Y127RPO\"" , "circular":false, "auto_adjust_height":true, "ajax":{"params":{&quot;ASIN&quot;:&quot;B00BSNACII&quot;,&quot;ie&quot;:&quot;UTF8&quot;,&quot;searchTerms&quot;:&quot;&quot;,&quot;searchIndex&quot;:&quot;&quot;,&quot;referringSearchEngine&quot;:&quot;&quot;,&quot;wName&quot;:&quot;sp_detail2&quot;,&quot;pRID&quot;:&quot;0K8TTEBZSQ1S50KDN22N&quot;,&quot;start&quot;:&quot;7&quot;,&quot;cc&quot;:&quot;7&quot;}, "url":"/gp/nemo/spd/handlers/spd-shov.html"}, "set_size":"8"}' class="a-carousel-container a-carousel-display-swap a-carousel-transition-swap"> <form class="a-carousel-state" action="#" method="get"><input autocomplete="on" type="hidden" name="firstVisibleItem" class="a-carousel-firstvisibleitem"></form> <div class="a-row a-carousel-header-row a-size-large pa_componentTitleTest"> <div class="a-column a-span8"> <h2 class="a-carousel-heading"> Gesponserte Produkte zu diesem Artikel <a class='a-size-base a-text-normal a-declarative' data-action='a-popover' data-a-popover='{"name":"sponsored-products-related", "position":"triggerBottom", "activate":"onclick"}' href='javascript:void(0)'> (Was ist das?) </a> </h2> </div> <div class="a-column a-span4 a-span-last a-text-right"> <span class="a-carousel-pagination a-size-base"> <span class="a-carousel-page-count"> Seite <span class="a-carousel-page-current"> 1 </span> von <span class="a-carousel-page-max"> 1 </span> </span> <span class="a-carousel-restart-container"> <span class="a-text-separator"></span> <a class="a-carousel-restart" href="#">Zum Anfang</a> </span> </span> </div> </div> <div class="a-popover-content a-popover-preload" id="a-popover-sponsored-products-related"> <p> Gesponserte Produkte sind Anzeigen für Produkte, die von Händlern auf Amazon.de verkauft werden. Wenn Sie auf eine Anzeige für ein Gesponsertes Produkt klicken, werden Sie zu einem Amazon Detailseite gebracht, wo Sie mehr über das Produkt erfahren und es kaufen können. </p> <p> Weitere Informationen über Amazon Gesponserte Produkte, <a class="a-link-normal" target="_blank" href="http://services.amazon.de/programme/gesponserte-produkte/so-funktionierts.html?ld=AZDESPWhatsThis">klicken Sie hier</a>. <p> </div> <div class="a-row a-carousel-controls a-carousel-row a-carousel-has-buttons"> <div class="a-carousel-row-inner"> <div class="a-carousel-col a-carousel-center"> <div class="a-carousel-viewport"> <ol class="a-carousel" aria-live="assertive" role="list"> <li class="a-carousel-card" role="listitem" style="width:160px;" aria-setsize="8"> <div id="0K8TTEBZSQ1S50KDN22N_sp_detail2_1_1" data-asin="B013P1445C"> <div class="sp_offerVertical"> <div class="pa_feedbackForm_container_sp_detail2" style="display:none"> <div class="sp_adID"> <span id="pa_0K8TTEBZSQ1S50KDN22N_sp_detail2_1_1" class="a-declarative" data-action="a-modal" data-a-modal="{&quot;url&quot;:&quot;/gp/sponsored-products/lazyLoad/handler/sp-feedback-handler.html?pl=fwi3mUJ3p3ttKa%2Bm6Q%2BkUkyNQu8WoEiNkBIgiMpnYclzJN2YJA9FeMGmRlbGElwu40RM48rToxmhtIPyR90WIerzv50hWeClZX3GoLvnD1kv%2F0av6h1bazM4nWjwjQMBD3mkfjlns8Js3lweOqJX4bDXMhrXU2nxKtkn8hN2DDynB1kQxj6lp8q%2FGUWp6X5hQlEOKuQ7ZqO0dl2johHoHifNaO0mLxGwlZ2Ridgf1vmc8W6Q%2BvrFyylEMYbOhpgOLjJ0LBoVAedHXBP55Bg2dapcvArT1h6l1h9AGqXdCy%2F9EtBV0DBOqCdqnYpjwju%2FHQ5bJ3TrOzY0xxQ966JvtblHvxllM%2FLNyvOeX%2F%2BAKOO9l%2FcNKcKtpdrz0NDURybvoItC04A7uuAFyGgBeVn%2F3bFO2tSJvsAIAlwi5wamBdAqFGEXdGGGobp5HtZDNxtdvvHUCBQ%2F7BwqxYYVocmLqVvQMAbmDQp6gg%2BJzOjxgv6YwP%2F5uOACf28B%2F5HmAivv4o0uk5jrT%2FJzI%2FFW2rXIKOjbcJRikWfrFWWLvJIp9lu6FnXvswpC2C2HitmbbWw6aUZuocgZosnuQNc3f%2FGneSiVs6vgfNlb4Ins7T%2BBLkk4TUJY%2BN3NNw%3D%3D&quot;,&quot;name&quot;:&quot;sponsored-products-feedback-modal-sp_detail2&quot;,&quot;header&quot;:&quot;Feedback mitteilen&quot;,&quot;footer&quot;:&quot;&lt;div id='sponsored-products-feedback-footer'&gt;&lt;/div&gt;&quot;,&quot;width&quot;:&quot;350&quot;}"> <a class="a-popover-trigger a-declarative">Feedback</a> </span> </div> </div> <div class="sp_dpOffer"> <a href="/gp/slredirect/picassoRedirect.html/ref=dp_sp_detail2_0?ie=UTF8&amp;adId=A05515091YV5KI92R0XC1&amp;url=%2Fdp%2FB013P1445C%3Fpsc%3D1&amp;qualifier=508053&amp;id=1163484842496471825&amp;widgetName=sp_detail2" title="Aptamil Kinder-Milch Junior 1+ ab dem 12. Monat, 10er Pack (10 x 800g)" target="_self"> <div class="a-carousel-photo"><img border="0" alt="" src="http://ecx.images-amazon.com/images/I/51AldmlYRoL._AC_SR160,160_.jpg"></div> <div data-rows="4" aria-hidden="true" class="sponsored-products-truncator-truncate sponsored-products-truncator-line-clamp-4">Aptamil Kinder-Milch Junior 1+ ab dem 12. Monat, 10er Pack (10 x 800g)</div> </a> <div class="a-icon-row"> <a href="/gp/slredirect/picassoRedirect.html/ref=sp_detail2_dktp_cr?ie=UTF8&amp;adId=A05515091YV5KI92R0XC1&amp;url=%2Fdp%2FB013P1445C%3Fpsc%3D1%23customerReviews&amp;qualifier=508053&amp;id=1163484842496471825&amp;widgetName=sp_detail2"> <i class="a-icon a-icon-star a-star-5" title="5 von 5 Sternen"> <span class="a-icon-alt">5 von 5 Sternen </span> </i> </a> <a class="a-size-base" href="/gp/slredirect/picassoRedirect.html/ref=sp_detail2_dktp_cr?ie=UTF8&amp;adId=A05515091YV5KI92R0XC1&amp;url=%2Fdp%2FB013P1445C%3Fpsc%3D1%23customerReviews&amp;qualifier=508053&amp;id=1163484842496471825&amp;widgetName=sp_detail2">6</a> </div> <div class="a-row a-color-price"> EUR 174,89&nbsp; <span class="a-size-mini">(EUR 21,86/kg) </span> </div> </div> </div> </div> <script> P.when('A', 'call-on-visible').execute(function(A) { var offer = A.$("#0K8TTEBZSQ1S50KDN22N_sp_detail2_1_1"); if (typeof offer.callOnVisible == "function") { offer.callOnVisible(function () { var img = new Image(); img.src = "http://fls-eu.amazon.com/1/amazon-clicks/1/OP/?requestId=0K8TTEBZSQ1S50KDN22N&childRequestId=0K8TTEBZSQ1S50KDN22N&widgetName=sp_detail2&searchResultNumber=1&impressionRankOnAsin=1"; this.setAttribute("id", "0K8TTEBZSQ1S50KDN22N_sp_detail2_1_1" + "_sent"); }); } }); </script> </li> <li class="a-carousel-card" role="listitem" style="width:160px;" aria-setsize="8"> <div id="0K8TTEBZSQ1S50KDN22N_sp_detail2_1_2" data-asin="B0118X3SC4"> <div class="sp_offerVertical"> <div class="pa_feedbackForm_container_sp_detail2" style="display:none"> <div class="sp_adID"> <span id="pa_0K8TTEBZSQ1S50KDN22N_sp_detail2_1_2" class="a-declarative" data-action="a-modal" data-a-modal="{&quot;url&quot;:&quot;/gp/sponsored-products/lazyLoad/handler/sp-feedback-handler.html?pl=FQQ%2BsBwsyqxe6QneZn0PRG%2F5v0ZQyhdjzZqzWdiwnfj0dn2jMIRmqVdgQoZIVJH4X5bgsxn1VGBE3yERIz5BETs6seRdzru3u4bIpGkixQ29%2Fk3YmAo1p63eqfxEO16r2matD5ET3gl0j%2F7higDXSl8RUIYi0flg8WM88BeWjSU1zr4LReKWZ%2BRfCxYqvO7nf0kNy8hkda7MtoLGfc08yiU0Dmq39GnNET0LDPXsDc1MfHZbBl24UgPOHTOz%2F5zVxGU1QWsV%2FF0ttbIfNB8uXc7TUy2AnajiMDd%2FYXTAvnLB0GkKXIuA%2B9rKoN8qorQIryPz8fq%2F3MAMHdbrlBf%2FRFaDcdxi7rU07j99RmpHlWUGQCbrDkwg0%2FUf4U0ToIIP6mULI2iUm1rY6u%2FeNZIuyF2f5XMX3jwyb36fTwZyLZ1btCOXc8vNs%2Fgy4wTMzU7hHP16VC8dLU09bXx75HJCugjWsODdpkHdjnFi748f72ehnkaPXrqX1O%2FMpqafHvCXVE61%2FuiQuVshOy%2Bm0kOlQ%2BgBAWNux1Ys1mqJSw6i%2Bi8k75M8u8vjyXNg%2BVz4oZdX39xmjisIiRWPodoVFjxF4w%3D%3D&quot;,&quot;name&quot;:&quot;sponsored-products-feedback-modal-sp_detail2&quot;,&quot;header&quot;:&quot;Feedback mitteilen&quot;,&quot;footer&quot;:&quot;&lt;div id='sponsored-products-feedback-footer'&gt;&lt;/div&gt;&quot;,&quot;width&quot;:&quot;350&quot;}"> <a class="a-popover-trigger a-declarative">Feedback</a> </span> </div> </div> <div class="sp_dpOffer"> <a href="/gp/slredirect/picassoRedirect.html/ref=dp_sp_detail2_1?ie=UTF8&amp;adId=A0260518KQEE0MF4N8U2&amp;url=%2Fdp%2FB0118X3SC4%3Fpsc%3D1&amp;qualifier=508053&amp;id=1163484842496471825&amp;widgetName=sp_detail2" title="Hipp 3 Milchnahrung Bio, 4er Pack (4 x 600 g) - Bio" target="_self"> <div class="a-carousel-photo"><img border="0" alt="" src="http://ecx.images-amazon.com/images/I/51dQloba9iL._AC_SR160,160_.jpg"></div> <div data-rows="4" aria-hidden="true" class="sponsored-products-truncator-truncate sponsored-products-truncator-line-clamp-4">Hipp 3 Milchnahrung Bio, 4er Pack (4 x 600 g) - Bio</div> </a> <div class="a-row a-color-price"> EUR 29,88&nbsp; <span class="a-size-mini">(EUR 12,45/kg) </span> <span style="position: relative; top: 2px;"> <i class="a-icon a-icon-prime a-icon-small" title="Prime"> <span class="a-icon-alt">Prime</span> </i> </span> </div> </div> </div> </div> <script> P.when('A', 'call-on-visible').execute(function(A) { var offer = A.$("#0K8TTEBZSQ1S50KDN22N_sp_detail2_1_2"); if (typeof offer.callOnVisible == "function") { offer.callOnVisible(function () { var img = new Image(); img.src = "http://fls-eu.amazon.com/1/amazon-clicks/1/OP/?requestId=0K8TTEBZSQ1S50KDN22N&childRequestId=0K8TTEBZSQ1S50KDN22N&widgetName=sp_detail2&searchResultNumber=1&impressionRankOnAsin=2"; this.setAttribute("id", "0K8TTEBZSQ1S50KDN22N_sp_detail2_1_2" + "_sent"); }); } }); </script> </li> <li class="a-carousel-card" role="listitem" style="width:160px;" aria-setsize="8"> <div id="0K8TTEBZSQ1S50KDN22N_sp_detail2_1_3" data-asin="B01G2F7XYM"> <div class="sp_offerVertical"> <div class="pa_feedbackForm_container_sp_detail2" style="display:none"> <div class="sp_adID"> <span id="pa_0K8TTEBZSQ1S50KDN22N_sp_detail2_1_3" class="a-declarative" data-action="a-modal" data-a-modal="{&quot;url&quot;:&quot;/gp/sponsored-products/lazyLoad/handler/sp-feedback-handler.html?pl=M1xiY3q2Yg58NBICym%2BFm7agEdTXzCK7DLlDGUfz9Zq5X1ZA8KzHi3GjxhOEZ6FD%2FjyUHkJaF3C3uaNO2K4UHDxEBXapPtH%2FapFvUoPjcxHUZ1%2F8VMpz0nRLTCeQuxMUcK7FV7ydeGrAgnnoOgHy2JpM01zxAnfQC1wed3BLy5gr5Ou4vGGiDUBQlrq3NkPfAd0cKCagyR5kxq3cNrBckdtubnSXDgEIotXA%2FbT7EBDr5F1zjxbVNXYKcH7c0BKzFz%2Bwte74H1UIPmni3hOalfgk4a9TOoDbxgIdK0uELMFUBQ2cxJ3ZA0qHQODOL%2BUvFJ9qSupA5uItQTFsybsUroDths%2FVpxqoxm%2F11u0MPb136tE5p3ovHwhi0iO2paOGh%2F1QpZh5j9uTgfd%2FCtKpIRplwl9D77Glzg7Ek6%2F%2Fp%2BZZgzgIXpPL5Vxsy0uKmkR6XMvyef61qITS7vwV7N23vTKl9EM70zvdYqGYEza1gJgcxMChck%2BvgbYosQ3mmGfVh7kz2B4pK3WmzZdikL74%2FlpMvBOQpgHhvQ4W45I00V1sPY9AAPpEJWx50j%2F19%2Ff1gy2QGrhfGHKeEYKQAJVPV8FwmXcBKeK7&quot;,&quot;name&quot;:&quot;sponsored-products-feedback-modal-sp_detail2&quot;,&quot;header&quot;:&quot;Feedback mitteilen&quot;,&quot;footer&quot;:&quot;&lt;div id='sponsored-products-feedback-footer'&gt;&lt;/div&gt;&quot;,&quot;width&quot;:&quot;350&quot;}"> <a class="a-popover-trigger a-declarative">Feedback</a> </span> </div> </div> <div class="sp_dpOffer"> <a href="/gp/slredirect/picassoRedirect.html/ref=dp_sp_detail2_2?ie=UTF8&amp;adId=A10372942VQ5PF3EWLE6T&amp;url=%2Fdp%2FB01G2F7XYM%3Fpsc%3D1&amp;qualifier=508053&amp;id=1163484842496471825&amp;widgetName=sp_detail2" title="Aptamil 2 Folgemilch mit Pronutra A, 4er Pack (4 x 800g)" target="_self"> <div class="a-carousel-photo"><img border="0" alt="" src="http://ecx.images-amazon.com/images/I/51DADQb7HxL._AC_SR160,160_.jpg"></div> <div data-rows="4" aria-hidden="true" class="sponsored-products-truncator-truncate sponsored-products-truncator-line-clamp-4">Aptamil 2 Folgemilch mit Pronutra A, 4er Pack (4 x 800g)</div> </a> <div class="a-icon-row"> <a href="/gp/slredirect/picassoRedirect.html/ref=sp_detail2_dktp_cr?ie=UTF8&amp;adId=A10372942VQ5PF3EWLE6T&amp;url=%2Fdp%2FB01G2F7XYM%3Fpsc%3D1%23customerReviews&amp;qualifier=508053&amp;id=1163484842496471825&amp;widgetName=sp_detail2"> <i class="a-icon a-icon-star a-star-5" title="5 von 5 Sternen"> <span class="a-icon-alt">5 von 5 Sternen </span> </i> </a> <a class="a-size-base" href="/gp/slredirect/picassoRedirect.html/ref=sp_detail2_dktp_cr?ie=UTF8&amp;adId=A10372942VQ5PF3EWLE6T&amp;url=%2Fdp%2FB01G2F7XYM%3Fpsc%3D1%23customerReviews&amp;qualifier=508053&amp;id=1163484842496471825&amp;widgetName=sp_detail2">3</a> </div> <div class="a-row a-color-price"> EUR 74,88&nbsp; <span class="a-size-mini">(EUR 23,40/kg) </span> </div> </div> </div> </div> <script> P.when('A', 'call-on-visible').execute(function(A) { var offer = A.$("#0K8TTEBZSQ1S50KDN22N_sp_detail2_1_3"); if (typeof offer.callOnVisible == "function") { offer.callOnVisible(function () { var img = new Image(); img.src = "http://fls-eu.amazon.com/1/amazon-clicks/1/OP/?requestId=0K8TTEBZSQ1S50KDN22N&childRequestId=0K8TTEBZSQ1S50KDN22N&widgetName=sp_detail2&searchResultNumber=1&impressionRankOnAsin=3"; this.setAttribute("id", "0K8TTEBZSQ1S50KDN22N_sp_detail2_1_3" + "_sent"); }); } }); </script> </li> <li class="a-carousel-card" role="listitem" style="width:160px;" aria-setsize="8"> <div id="0K8TTEBZSQ1S50KDN22N_sp_detail2_1_4" data-asin="B00KDFB4LG"> <div class="sp_offerVertical"> <div class="pa_feedbackForm_container_sp_detail2" style="display:none"> <div class="sp_adID"> <span id="pa_0K8TTEBZSQ1S50KDN22N_sp_detail2_1_4" class="a-declarative" data-action="a-modal" data-a-modal="{&quot;url&quot;:&quot;/gp/sponsored-products/lazyLoad/handler/sp-feedback-handler.html?pl=JqYr2BzD4lhYYTFDOH9jy4WTc4IlMOtLb11WiqLZctP7Gq8rEFo4MDmcDEG6Rp3DDlj05ydHP1jUVChBVY9PGCi10uA6UoXsJf2UD7OUBfk6ll%2B2rU0CSUK6XhflSCDMhuCKmt0GchEWaneUOCkmJsxgpCQgRjUe1cuGc0lewTj36oPTxbMWD93Y%2BR92EOaVrWLPmQQFYMSzlneVXYViIGs8HQ7C5neRqGXRMjLYAClx%2FQbw920WnRZRJ%2B0WT0ZA2VY5FsMYOYStoCO1zY%2BZb55QN3InE9TniPUrUq4Hws5XM%2BNl4rASm3mKP8BeiwoBz8MU5PvM%2F3nMwVY6difnNTlEbGwXXvp5a4SjpgVKnL1S8EQgr%2BfAlpTiFQY5uFwK7J%2FGxlsoJkC9yIiyqv6fgl4tWzKJp8G39LS8YOQ1JvSGEKYzeFi%2BRQq%2BpDqe%2FhWM3NN8tbtXMb2KE4s0Ix8aNzpzP7YO4je9nscnYbedHKzroQPj0lGBqFtYlOqgpyXj4w3ghkoe9jKrhcntXA0IOKoiygRVWcwh%2Fe0V%2BKRbum69FYU%2B%2B%2F1Y%2BPHZLv%2Feq44l4%2FXus77xKF7HPQYGvUuJIcRTQksKk1JEEkztuDtBqpQ%3D&quot;,&quot;name&quot;:&quot;sponsored-products-feedback-modal-sp_detail2&quot;,&quot;header&quot;:&quot;Feedback mitteilen&quot;,&quot;footer&quot;:&quot;&lt;div id='sponsored-products-feedback-footer'&gt;&lt;/div&gt;&quot;,&quot;width&quot;:&quot;350&quot;}"> <a class="a-popover-trigger a-declarative">Feedback</a> </span> </div> </div> <div class="sp_dpOffer"> <a href="/gp/slredirect/picassoRedirect.html/ref=dp_sp_detail2_3?ie=UTF8&amp;adId=A03608483JIVYDB10AS7N&amp;url=%2Fdp%2FB00KDFB4LG%3Fpsc%3D1%26smid%3DA19GXCM6XB2JP7&amp;qualifier=508053&amp;id=1163484842496471825&amp;widgetName=sp_detail2" title="Aptamil Kinder-Milch Junior 2+ ab dem 2. Jahr, 6er Pack (6 x 800g)" target="_self"> <div class="a-carousel-photo"><img border="0" alt="" src="http://ecx.images-amazon.com/images/I/51hba5V-hRL._AC_SR160,160_.jpg"></div> <div data-rows="4" aria-hidden="true" class="sponsored-products-truncator-truncate sponsored-products-truncator-line-clamp-4">Aptamil Kinder-Milch Junior 2+ ab dem 2. Jahr, 6er Pack (6 x 800g)</div> </a> <div class="a-icon-row"> <a href="/gp/slredirect/picassoRedirect.html/ref=sp_detail2_dktp_cr?ie=UTF8&amp;adId=A03608483JIVYDB10AS7N&amp;url=%2Fdp%2FB00KDFB4LG%3Fpsc%3D1%26smid%3DA19GXCM6XB2JP7%23customerReviews&amp;qualifier=508053&amp;id=1163484842496471825&amp;widgetName=sp_detail2"> <i class="a-icon a-icon-star a-star-4-5" title="4.3 von 5 Sternen"> <span class="a-icon-alt">4.3 von 5 Sternen </span> </i> </a> <a class="a-size-base" href="/gp/slredirect/picassoRedirect.html/ref=sp_detail2_dktp_cr?ie=UTF8&amp;adId=A03608483JIVYDB10AS7N&amp;url=%2Fdp%2FB00KDFB4LG%3Fpsc%3D1%26smid%3DA19GXCM6XB2JP7%23customerReviews&amp;qualifier=508053&amp;id=1163484842496471825&amp;widgetName=sp_detail2">6</a> </div> <div class="a-row a-color-price"> EUR 103,40&nbsp; <span class="a-size-mini">(EUR 15,21/kg) </span> <span style="position: relative; top: 2px;"> <i class="a-icon a-icon-prime a-icon-small" title="Prime"> <span class="a-icon-alt">Prime</span> </i> </span> </div> </div> </div> </div> <script> P.when('A', 'call-on-visible').execute(function(A) { var offer = A.$("#0K8TTEBZSQ1S50KDN22N_sp_detail2_1_4"); if (typeof offer.callOnVisible == "function") { offer.callOnVisible(function () { var img = new Image(); img.src = "http://fls-eu.amazon.com/1/amazon-clicks/1/OP/?requestId=0K8TTEBZSQ1S50KDN22N&childRequestId=0K8TTEBZSQ1S50KDN22N&widgetName=sp_detail2&searchResultNumber=1&impressionRankOnAsin=4"; this.setAttribute("id", "0K8TTEBZSQ1S50KDN22N_sp_detail2_1_4" + "_sent"); }); } }); </script> </li> <li class="a-carousel-card" role="listitem" style="width:160px;" aria-setsize="8"> <div id="0K8TTEBZSQ1S50KDN22N_sp_detail2_1_5" data-asin="B015B1BWTA"> <div class="sp_offerVertical"> <div class="pa_feedbackForm_container_sp_detail2" style="display:none"> <div class="sp_adID"> <span id="pa_0K8TTEBZSQ1S50KDN22N_sp_detail2_1_5" class="a-declarative" data-action="a-modal" data-a-modal="{&quot;url&quot;:&quot;/gp/sponsored-products/lazyLoad/handler/sp-feedback-handler.html?pl=BCYmC4KxVERXBnwuctIRp69oNDeCuDfvbcaNoTHK94ZuBsKBi%2F8FZrR3Y9rgP17HvG%2B9sKFKw3C9G6qRH9FBoZWW7p%2Bds%2BfnJJROIe96jFv0aS%2FFlbv9F0DPV8pe%2BsadyOaSwBAr0raArd3udjo%2BABT%2Fx2IE4GmHoOK4CdH9XeVudmCyX5kw3B4%2FMYkr%2BKMSpRJWiNrcyDFdzDW0LjH3%2BRSxkcy9KCedoK1u5UqoB1OjQxRJBFCoyW1JAOjJVfChd%2BA7O7f03J2dr5j9uHZhrMyLqcSAX0quIas2Fqd7uKY%2BwuN8QaYdkKrCP%2FDEyvIYbvLPzTs9H15KLqEL2cfMoyurU%2FUmY4BiJuMYWEUcMeCKvmpYoHtZyzSz5agLiYgK9RvfXFXSqDDSrQNGYS1eU%2F%2FqIziZvw5Go171%2B0D4SNcTBUrJ1koCPT80lG7wx3dI%2BMcdcweUpTOphTsNZZYgcYrWYbA2G0Y1EC66Bc%2BSC5jiSHBObCq7tA0lZSP2Ynk5mOd%2Fd0Tp5kehvNIdhKkZet1QmQDLYjFSHV9MvvNJkIBB8q0r0cGXYR3vdnem50WXf%2B3YpFVR3g0wGG0nl821png4EDL%2FktJRTBEAa6tYQrg%3D&quot;,&quot;name&quot;:&quot;sponsored-products-feedback-modal-sp_detail2&quot;,&quot;header&quot;:&quot;Feedback mitteilen&quot;,&quot;footer&quot;:&quot;&lt;div id='sponsored-products-feedback-footer'&gt;&lt;/div&gt;&quot;,&quot;width&quot;:&quot;350&quot;}"> <a class="a-popover-trigger a-declarative">Feedback</a> </span> </div> </div> <div class="sp_dpOffer"> <a href="/gp/slredirect/picassoRedirect.html/ref=dp_sp_detail2_4?ie=UTF8&amp;adId=A100532733LZLLK02DJUK&amp;url=%2Fdp%2FB015B1BWTA%3Fpsc%3D1%26smid%3DA19GXCM6XB2JP7&amp;qualifier=508053&amp;id=1163484842496471825&amp;widgetName=sp_detail2" title="Aptamil Kinder-Milch Junior 2+ ab dem 2. Jahr, 12er Pack (12 x 800g)" target="_self"> <div class="a-carousel-photo"><img border="0" alt="" src="http://ecx.images-amazon.com/images/I/512rHqE25WL._AC_SR160,160_.jpg"></div> <div data-rows="4" aria-hidden="true" class="sponsored-products-truncator-truncate sponsored-products-truncator-line-clamp-4">Aptamil Kinder-Milch Junior 2+ ab dem 2. Jahr, 12er Pack (12 x 800g)</div> </a> <div class="a-icon-row"> <a href="/gp/slredirect/picassoRedirect.html/ref=sp_detail2_dktp_cr?ie=UTF8&amp;adId=A100532733LZLLK02DJUK&amp;url=%2Fdp%2FB015B1BWTA%3Fpsc%3D1%26smid%3DA19GXCM6XB2JP7%23customerReviews&amp;qualifier=508053&amp;id=1163484842496471825&amp;widgetName=sp_detail2"> <i class="a-icon a-icon-star a-star-5" title="5 von 5 Sternen"> <span class="a-icon-alt">5 von 5 Sternen </span> </i> </a> <a class="a-size-base" href="/gp/slredirect/picassoRedirect.html/ref=sp_detail2_dktp_cr?ie=UTF8&amp;adId=A100532733LZLLK02DJUK&amp;url=%2Fdp%2FB015B1BWTA%3Fpsc%3D1%26smid%3DA19GXCM6XB2JP7%23customerReviews&amp;qualifier=508053&amp;id=1163484842496471825&amp;widgetName=sp_detail2">1</a> </div> <div class="a-row a-color-price"> EUR 212,97&nbsp; <span class="a-size-mini">(EUR 22,18/kg) </span> </div> </div> </div> </div> <script> P.when('A', 'call-on-visible').execute(function(A) { var offer = A.$("#0K8TTEBZSQ1S50KDN22N_sp_detail2_1_5"); if (typeof offer.callOnVisible == "function") { offer.callOnVisible(function () { var img = new Image(); img.src = "http://fls-eu.amazon.com/1/amazon-clicks/1/OP/?requestId=0K8TTEBZSQ1S50KDN22N&childRequestId=0K8TTEBZSQ1S50KDN22N&widgetName=sp_detail2&searchResultNumber=1&impressionRankOnAsin=5"; this.setAttribute("id", "0K8TTEBZSQ1S50KDN22N_sp_detail2_1_5" + "_sent"); }); } }); </script> </li> <li class="a-carousel-card" role="listitem" style="width:160px;" aria-setsize="8"> <div id="0K8TTEBZSQ1S50KDN22N_sp_detail2_1_6" data-asin="B00R4996YQ"> <div class="sp_offerVertical"> <div class="pa_feedbackForm_container_sp_detail2" style="display:none"> <div class="sp_adID"> <span id="pa_0K8TTEBZSQ1S50KDN22N_sp_detail2_1_6" class="a-declarative" data-action="a-modal" data-a-modal="{&quot;url&quot;:&quot;/gp/sponsored-products/lazyLoad/handler/sp-feedback-handler.html?pl=XHkkswogKlO3AYuT8M5tDa6PcGOfUd5gsAmwZG4TnB2vDvlGesg799auAR26Fq6idHQcVJ%2FGH6Y6VgTo3W7%2FTAI4Ce7klyukOm0WZuTdO6LQMjpC2wbLwebHcY1IEeSJNmHH1K4LsT%2BgcoSOyFt5HAM92xQCYVqC%2FLlwz4QpJJMNTlE415cGkRCOpZ0vyKwC9545qFrDEMoX6FbvjGfJ0OwYZa2WsyARKZPrUw6057EhyyPUo1WbDxGEdSlFhnJeJx4JY1%2FZTuZiVGGgs8BuB%2FhoymnXP1J7noHfkmx9CKqLhm5L65tfyZk2YoMqnDo6eG68ZxgT4Q7GjnLP4z1rxQwjFao4qIThBxJ4k6XHjhyJ5i7cBOdHsMVJQPnCCIET84phIg8LTjP7284hQjswWZmvixjxNLJfJVzGFM4rhPcV9WAH0e1P5QLFcWfcgIOWCbrqjZaQdZx%2BP%2FZNJXRdbVQxnJVVi3zzZlmbW%2Bdu6pcprwmevPDL8FmwFjElVH%2FX8BplGzZ29W0DetzhrkAu%2F%2B5iqyxPq%2FrBNGsI%2BKRftD4BrSizReHDSlKjes8cFeL336lKEYtoSP%2BTEmJkwyqNKarzsGo81wR3&quot;,&quot;name&quot;:&quot;sponsored-products-feedback-modal-sp_detail2&quot;,&quot;header&quot;:&quot;Feedback mitteilen&quot;,&quot;footer&quot;:&quot;&lt;div id='sponsored-products-feedback-footer'&gt;&lt;/div&gt;&quot;,&quot;width&quot;:&quot;350&quot;}"> <a class="a-popover-trigger a-declarative">Feedback</a> </span> </div> </div> <div class="sp_dpOffer"> <a href="/gp/slredirect/picassoRedirect.html/ref=dp_sp_detail2_5?ie=UTF8&amp;adId=A08637133E0B7XCQ3YT7B&amp;url=%2Fdp%2FB00R4996YQ%3Fpsc%3D1%26smid%3DA19GXCM6XB2JP7&amp;qualifier=508053&amp;id=1163484842496471825&amp;widgetName=sp_detail2" title="Aptamil 3 Folgemilch mit Pronutra A, 6er Pack (6 x 800g)" target="_self"> <div class="a-carousel-photo"><img border="0" alt="" src="http://ecx.images-amazon.com/images/I/51dk8xyjxTL._AC_SR160,160_.jpg"></div> <div data-rows="4" aria-hidden="true" class="sponsored-products-truncator-truncate sponsored-products-truncator-line-clamp-4">Aptamil 3 Folgemilch mit Pronutra A, 6er Pack (6 x 800g)</div> </a> <div class="a-icon-row"> <a href="/gp/slredirect/picassoRedirect.html/ref=sp_detail2_dktp_cr?ie=UTF8&amp;adId=A08637133E0B7XCQ3YT7B&amp;url=%2Fdp%2FB00R4996YQ%3Fpsc%3D1%26smid%3DA19GXCM6XB2JP7%23customerReviews&amp;qualifier=508053&amp;id=1163484842496471825&amp;widgetName=sp_detail2"> <i class="a-icon a-icon-star a-star-5" title="5 von 5 Sternen"> <span class="a-icon-alt">5 von 5 Sternen </span> </i> </a> <a class="a-size-base" href="/gp/slredirect/picassoRedirect.html/ref=sp_detail2_dktp_cr?ie=UTF8&amp;adId=A08637133E0B7XCQ3YT7B&amp;url=%2Fdp%2FB00R4996YQ%3Fpsc%3D1%26smid%3DA19GXCM6XB2JP7%23customerReviews&amp;qualifier=508053&amp;id=1163484842496471825&amp;widgetName=sp_detail2">6</a> </div> <div class="a-row a-color-price"> EUR 104,40&nbsp; <span class="a-size-mini">(EUR 21,75/kg) </span> </div> </div> </div> </div> <script> P.when('A', 'call-on-visible').execute(function(A) { var offer = A.$("#0K8TTEBZSQ1S50KDN22N_sp_detail2_1_6"); if (typeof offer.callOnVisible == "function") { offer.callOnVisible(function () { var img = new Image(); img.src = "http://fls-eu.amazon.com/1/amazon-clicks/1/OP/?requestId=0K8TTEBZSQ1S50KDN22N&childRequestId=0K8TTEBZSQ1S50KDN22N&widgetName=sp_detail2&searchResultNumber=1&impressionRankOnAsin=6"; this.setAttribute("id", "0K8TTEBZSQ1S50KDN22N_sp_detail2_1_6" + "_sent"); }); } }); </script> </li> <li class="a-carousel-card" role="listitem" style="width:160px;" aria-setsize="8"> <div id="0K8TTEBZSQ1S50KDN22N_sp_detail2_1_7" data-asin="B00Y127RPO"> <div class="sp_offerVertical"> <div class="pa_feedbackForm_container_sp_detail2" style="display:none"> <div class="sp_adID"> <span id="pa_0K8TTEBZSQ1S50KDN22N_sp_detail2_1_7" class="a-declarative" data-action="a-modal" data-a-modal="{&quot;url&quot;:&quot;/gp/sponsored-products/lazyLoad/handler/sp-feedback-handler.html?pl=5%2FzuPp2hzu3mFlve26qeh4fXhVSM6iUFHpQOSr2zM%2BfNr1ZRTJpfxCUh0sAmyP5Cy60%2B%2FUHT9tQqpeYMDgWNuuC8O1v00vgtSBjToQatADGaS6mGlG8yf9eugcGcwLHrJEMI3X6d65IMg5ERTQXHEveZpZPbf3mUAwTObpyT0Ann3Hzbvt0BLJc%2FidZHbFb6WoDDphKeq2EgaxIzrn5zKMMIACCR8VLPWp1GV9LmhujoEiPfBmk7oHYW5S1EE2nASQmhDUQrzwOnl9FrbcfrZ0xstN2i5peqzufzBTqYbyBXmJ44HecZd2TPTx3yBY52bVEaYVOWr64oHzvH3Bb7R9WkTXoHVTl8FZzJRFmZ6oxecKgGH22qwfi3ugaJ92OI0DcDACmIR70vvdDKAXPXBPoAlIa1j0npbeMwm6IM%2BjiqigmxDoEcmb1gYOZw3pFk%2FAI%2F6sg43wLxP637bHJZ3fiALE7UucFyka79Gt8WgOd%2BkftZZGLA7CIs9W3DXjoGcuODh8UbhVb%2FLEUbsv0pCyUJWyd0C1zqNwUvht2z1gHtla%2B2I4GlLB3iLUkrqUeHPQwG6C7PEMDqD%2BRtjyjUl6xIRGasN8QTCSGDLqkCCMl%2BqHLHzeJaCQ%3D%3D&quot;,&quot;name&quot;:&quot;sponsored-products-feedback-modal-sp_detail2&quot;,&quot;header&quot;:&quot;Feedback mitteilen&quot;,&quot;footer&quot;:&quot;&lt;div id='sponsored-products-feedback-footer'&gt;&lt;/div&gt;&quot;,&quot;width&quot;:&quot;350&quot;}"> <a class="a-popover-trigger a-declarative">Feedback</a> </span> </div> </div> <div class="sp_dpOffer"> <a href="/gp/slredirect/picassoRedirect.html/ref=dp_sp_detail2_6?ie=UTF8&amp;adId=A0435415SS1JKBTFALIO&amp;url=%2Fdp%2FB00Y127RPO%3Fpsc%3D1&amp;qualifier=508053&amp;id=1163484842496471825&amp;widgetName=sp_detail2" title="Aptamil mit Pronutra Folgemilch 3 Immun Optimalpaket: Aptamil mit Pronutra Folgemilch 3 + Immun Forte Intensivkapseln" target="_self"> <div class="a-carousel-photo"><img border="0" alt="" src="http://ecx.images-amazon.com/images/I/41LtQJPJHYL._AC_SR160,160_.jpg"></div> <div data-rows="4" aria-hidden="true" class="sponsored-products-truncator-truncate sponsored-products-truncator-line-clamp-4">Aptamil mit Pronutra Folgemilch 3 Immun Optimalpaket: Aptamil mit Pronutra Folgemilch 3 + Immun Forte Intensivkapseln</div> </a> <div class="a-row a-color-price"> EUR 39,80&nbsp; <span class="a-size-mini">(EUR 19,90/Stück) </span> </div> </div> </div> </div> <script> P.when('A', 'call-on-visible').execute(function(A) { var offer = A.$("#0K8TTEBZSQ1S50KDN22N_sp_detail2_1_7"); if (typeof offer.callOnVisible == "function") { offer.callOnVisible(function () { var img = new Image(); img.src = "http://fls-eu.amazon.com/1/amazon-clicks/1/OP/?requestId=0K8TTEBZSQ1S50KDN22N&childRequestId=0K8TTEBZSQ1S50KDN22N&widgetName=sp_detail2&searchResultNumber=1&impressionRankOnAsin=7"; this.setAttribute("id", "0K8TTEBZSQ1S50KDN22N_sp_detail2_1_7" + "_sent"); }); } }); </script> </li> </ol> </div> </div> <div class="a-carousel-col a-carousel-left"> <a class="a-button a-button-image a-carousel-button a-carousel-goto-prevpage" href="#" tabindex="0"> <span class="a-button-inner"> <i class="a-icon a-icon-previous"> <span class="a-icon-alt">Zurück</span> </i> </span> </a> </div> <div class="a-carousel-col a-carousel-right"> <a class="a-button a-button-image a-carousel-button a-carousel-goto-nextpage" href="#" tabindex="0"> <span class="a-button-inner"> <i class="a-icon a-icon-next"> <span class="a-icon-alt">Weiter</span> </i> </span> </a> </div> </div> </div> </div> </div> <div class="SP-Ad-Feedback"> <a href="#sp_detail2_feedbackForm" id="sp_detail2_feedbackMessage" class="dynamicSPFL">Anzeige-Feedback</a> </div> </div> <script type="text/javascript"> P.when('A', 'a-carousel-framework', 'AmazonClicks').execute(function (A, CF, AC) { CF.getCarousel(document.getElementById("sp_detail2")); AC.registerFeedbackEvents("sp_detail2_carousel", "sp_detail2_feedbackMessage", "Anzeige-Feedback", "Feedback ausblenden", "pa_feedbackForm_container_sp_detail2"); }); </script> <img src="http://fls-eu.amazon.com/1/amazon-clicks/1/OP/?requestId=0K8TTEBZSQ1S50KDN22N&amp;childRequestId=0K8TTEBZSQ1S50KDN22N&amp;widgetName=sp_detail2" width="1" height="1"/> 











 
 
 


<div id="dp-ads-middle_feature_div">

    


  


  
  













<div id="dp-ads-middle-3psl">











<style type="text/css">
#sponsoredLinksCSA {
  clear: both;
  height: 0px;
  overflow: hidden;
  width: 100%;
}
</style>

<div id="sponsoredLinksCSA">
<hr size="1" noshade="noshade" class="bucketDivider"></hr>
<div class="AUI_bucket celwidget" id="AUI_A9AdsMiddleBoxTop">
  <h2 style="display: inline;" id="AUI_A9AdsWidgetAdsTitle">Kunden, die diese Seite anzeigen, sind u.U. an diesen gesponserten Links interessiert.</h2>&nbsp; 
  <span class="AUI_SponsoredLinkSmall" id="AUI_a9whatsthis">(<a onclick="return amz_js_PopWin(this.href,'AmazonHelp','width=450,height=450,resizable=1,scrollbars=1,toolbar=1,status=1');" target="AmazonHelp" href="/gp/ads/whats-this.html">Was ist das?</a>)
  </span>
<div id="AUI_SlDiv_0">
<div id="AUI_A9AdsWidgetAdsWrapper">


<div>
  <table style="margin-top:10px;">
   <tbody>
       <tr>
        <td>
        <iframe id="sponsoredLinksCsaIframe" style="width:100%" title="SponsoredLinks" frameborder="0" marginheight="0" marginwidth="0"
            scrolling="no" allowtransparency="true" width="1" height="1" class="ap_never_hide"></iframe>
        </td>
        </tr>
   </tbody>
  </table> 





</div>

    </div>
  </div>
</div>
</div>
<div style="clear: left;"></div>

<script>

var showSLF;
var slStartTime = new Date().getTime();
var slEndTime;
var jsSlLoaded;
var cfSlLoaded;
var iframeDoc;
var readyCallGoogle;

var a9_3psl_sessionId = "277-7281789-8489225";
var a9_3psl_marketplace = "DE";
var a9_3psl_marketplaceId = "A1PA6795UKMFR9";
var a9_3psl_requestId = "0K8TTEBZSQ1S50KDN22N";
var a9_3psl_method = "Detail";

  
var a9_3psl_fVip = "https://fls-eu.amazon.com";
var a9_3psl_fApiVersion = "1";
var a9_3psl_fChannelId = "a9-sl-requests";
var a9_3psl_fChannelVersion = "2";
var a9_3psl_fAction = "OP";
var a9_3psl_fProgramGroup = "a9-sl";

var sendLoggingRequest = function (metric)
{
   var a9_3psl_fMetrics = metric;
   var a9_3psl_fUrl = [a9_3psl_fVip, a9_3psl_fApiVersion, a9_3psl_fChannelId, a9_3psl_fChannelVersion, a9_3psl_fAction, a9_3psl_fProgramGroup, "action", a9_3psl_fMetrics].join("/");
  
   new Image().src = a9_3psl_fUrl 
            + "?"
            + "marketplaceId=" + encodeURIComponent(a9_3psl_marketplaceId)
            + "&session=" + encodeURIComponent(a9_3psl_sessionId)
            + "&requestId=" + encodeURIComponent(a9_3psl_requestId)
            + "&marketplace=" + encodeURIComponent(a9_3psl_marketplace)
            + "&service=ClientSideSL"
            + "&method=" + a9_3psl_method;
}  

var pageOptions = {
	'pubId': 'amazon-de',
	'query': 'Aptamil Kindermilch 1+ ab 1 Jahr, 4er Pack (4 x 600 g)',
	'domTemplate': 'threeColumnNumbered',
	'cssFileName': 'amazon_bulleted_three_column',
	'channel': 'g-channel-47+g-channel-58',
	'adIconUrl': 'http://afs.googleusercontent.com/amazon/icon-offsite-sl-7069-t4._V171196157_.png',
	'linkTarget': '_blank',
	'hl': 'de',
	'gl': 'de',
	'adtest': 'off',
	'adPage': 1,
	'referrer': ''
}; 
var adblock1 = {
	'container': 'sponsoredLinksContent',
	'number': 4,
	'clicktrackUrl': 'http://rd-eu.a9.com/srv/redirect/?info=AGl0SgBnqjsuj3KOh0ril5ROByaDFSBdc1MmGDdBuVt8DvVONweLkw.n8kBpdit6BC3Yhnrziwse6KZ4Y5Y.JpPjMal9--qTD5khMw1Ppnq4WGktgf9Qpr6ovUkFEwd9BXO38ITfhYQiHMJmW51YTIVwbPOQJiy4lnZbPPiYr3ALmnMuOU6h33J-kchhXe42LjTf91M9LuEHyxqRlAOf5v5UQbeXn2WEwR8fCiQJp9cvSeai6EJskl1-VYLruIXK53.KfZHdHBzS8uVvUiR9Un6AQBYsYz.k7IUi3VJYBFi9qIYzT-pwjv9UQDEKbGzegDtx4O8E73trq.cnIXO0hVOyiE0lDKiMQg__&awt=1&s='
};

var handleSLSize = function(hSl) {
  if(hSl <= 0) {return;}
  document.getElementById("sponsoredLinksCSA").style.height='auto';
  document.getElementById("sponsoredLinksCSA").style.overflow='visible';
  document.getElementById("sponsoredLinksCsaIframe").height= hSl;
}

var handleLoadedSL = function(visUrls) {
  var adsLoaded = visUrls.length;
  slEndTime = new Date().getTime();
  var getTime = slEndTime - slStartTime;

  var requestId = "0K8TTEBZSQ1S50KDN22N";
  var requestTag = "hrFhn8/fAP9HpMcQ";
  var sessionId = "277-7281789-8489225";
  var marketplace = "DE";
  var marketplaceId = "A1PA6795UKMFR9";
  var method = "Detail";
  
  var fVip = "https://fls-eu.amazon.com";
  var fApiVersion = "1";
  var fChannelId = "a9-sl-requests";
  var fChannelVersion = "1";
  var fAction = "OP";
  var fProgramGroup = "a9-sl";
  
  var jsLoadedTime = jsSlLoaded - slStartTime;
  var csaGet = slEndTime - jsSlLoaded;
  var cfTime = cfSlLoaded - slStartTime;
  var readyCallGoogleTime = readyCallGoogle - slStartTime;
  
  var fMetrics = "time_elapsed_csa_:total@v=" + getTime
    + ",jsLoaded@v=" + jsLoadedTime
    + ",cfLoaded@v=" + cfTime
    + ",readyCallGoogle@v=" + readyCallGoogleTime
    + ",GET@v=" + csaGet + ":u=ms";
    
  var fUrl = [fVip, fApiVersion, fChannelId, fChannelVersion, fAction, fProgramGroup, "action", fMetrics].join("/");

  var visUrlsPlaceHolder = [];
  for( var i = 1; i <= visUrls.length; i++)
  {
     visUrlsPlaceHolder.push("visUrl" + i);    
  }
  
  new Image().src = fUrl 
      + "?" 
      + "marketplaceId=" + encodeURIComponent(marketplaceId)
      + "&session=" + encodeURIComponent(sessionId)
      + "&requestId=" + encodeURIComponent(requestId)
      + "&marketplace=" + encodeURIComponent(marketplace)
      + "&requestTag=" + encodeURIComponent(requestTag)
      + "&service=ClientSideSL"
      + "&adsLoaded=" + encodeURIComponent(adsLoaded)
      + "&method=" + encodeURIComponent(method)
      + "&visUrls=" + encodeURIComponent(visUrlsPlaceHolder)
      + "&logType=impression";
  
};

var slAdsArgs = {
	"adProperties": adblock1, 
	"pageOptions": pageOptions, 
	"operation": "showSLAds"
};

function initSLFrame() {

		cfSlLoaded = new Date().getTime();
		
		var two_column_format_threshold = 1180; 
		browserWidth = window.innerWidth || document.body.clientWidth;
		var isTwoColumn = 0;
		if ( browserWidth && browserWidth < two_column_format_threshold )
		{
		    pageOptions['domTemplate'] = 'twoColumnBulleted';
		    isTwoColumn = 1;
		}
		
		if ( 'false' == 'true' )
		{
		    if (isTwoColumn)
		    {
		         pageOptions['cssFileName'] = 'amazon_grey_bulleted_two_column';
		    }
		    else
		    {
		         pageOptions['cssFileName'] = 'amazon_numbered_three_column_for_non_Search';		    
		    }
		} else{
		    if (isTwoColumn)
		    {
		         pageOptions['cssFileName'] = 'amazon_bulleted_two_column';
		    }
		    else
		    {
		         pageOptions['cssFileName'] = 'amazon_numbered_three_column_for_non_Search';		    
		    }
		
		}
		
		var slIframeElem = document.getElementById("sponsoredLinksCsaIframe");
		if(slIframeElem) {
			slIframeElem.contentWindow.postMessage(JSON.stringify(slAdsArgs), "https://d14qd3he45186l.cloudfront.net");
		}
}


var emitSLFeedbackForm = function(visUrls) {};

var processSLIframeMessage = function(event) {
 try{
	if(event.origin != 'https://d14qd3he45186l.cloudfront.net') {
		return;
	}
	var slMessage = JSON.parse(event.data);
	if(slMessage.operation == 'adsReturned') {
		handleLoadedSL(slMessage.visUrls);
		emitSLFeedbackForm(slMessage.visUrls);
	} else if(slMessage.operation == 'jsLoaded') {
		jsSlLoaded = new Date().getTime();
		readyCallGoogle = slMessage.readyCallGoogle;
	} else if(slMessage.operation == 'resize') {
		handleSLSize(slMessage.height);
	} else if(slMessage.operation == 'initializeFrame') {
		initSLFrame();
	}
  }
  catch(e)
  {
  }
}

if(typeof registeredSLEventListener == 'undefined') {
	var registeredSLEventListener = 1;
	if(window.addEventListener) {
		window.addEventListener("message", processSLIframeMessage, false);
	} else {
		window.attachEvent("onmessage", processSLIframeMessage);
	}
}

var sponsoredlinks_isPlacementChose = 0;

P.when('jQuery','cf').execute(function($) {

   	  if (sponsoredlinks_isPlacementChose)
   	  {
   	  	  return;
   	  }
   	  
   	  var topElem = document.getElementById("dp-out-of-stock-3psl");
   	  var bottomElem = document.getElementById("dp-ads-middle-3psl");
   	  
   	  
   	  if ( !bottomElem || !topElem )
   	  {
   	     return;
   	  }
 
   	  
   	  var topYPosition = $('#dp-out-of-stock-3psl').offset().top;
   	  var screenY = $(window).height();;
   	  
   	  
   	  if ( topYPosition <= screenY )
   	  {
   	      $('#dp-out-of-stock-3psl').empty();
   	      
     	  sendLoggingRequest("js_csa_:change_placement@v=1");
   	  }else{
   	  	  $('#dp-ads-middle-3psl').empty();
   	  }

      sendLoggingRequest("js_csa_:high_placement_request@v=1");   	     	  
      sponsoredlinks_isPlacementChose = 1;      
      
   	  var slIframeElem = document.getElementById("sponsoredLinksCsaIframe");
	
	  if(slIframeElem) {
    	  slIframeElem.src="https://d14qd3he45186l.cloudfront.net/ads-search32.html";
	  }
});

 
</script>

</div>

</div>


<div id="accessories-and-compatible-products_feature_div">


<div id="accessories-and-compatible-products_feature_div">





</div>
</div>


<div id="conditional-probability_feature_div">






    
    
    
    
    

    
    
    
    


<hr class="a-divider-normal sims-vtp-heading">
        <div id="view_to_purchase-sims-feature" class="a-section bucket">
            
        <h2 class="a-size-large a-spacing-base">Welche anderen Artikel kaufen Kunden, nachdem sie diesen Artikel angesehen haben?</h2>
        <div data-p13n-feature-metadata="{&quot;baseAsin&quot;:&quot;B00BSNACII&quot;}" data-p13n-feature-name="pd_cp_325" data-p13n-global="{&quot;auiDeviceType&quot;:&quot;desktop&quot;,&quot;marketplaceId&quot;:&quot;A1PA6795UKMFR9&quot;,&quot;requestId&quot;:&quot;0K8TTEBZSQ1S50KDN22N&quot;,&quot;marketplace&quot;:&quot;DE&quot;,&quot;session&quot;:&quot;277-7281789-8489225&quot;}" class="a-section a-spacing-micro vtp-container">
            
            
        <div class="a-section p13n-sc-list-cells-container">
            <ul class="a-nostyle a-vertical p13n-sc-list-cells">
                <li data-fling-container="true" class="a-spacing-medium p13n-sc-list-item"><span class="a-list-item">
        <div data-p13n-asin-metadata="{&quot;ref&quot;:&quot;pd_cp_325_1&quot;,&quot;asin&quot;:&quot;B00BSNAC9C&quot;}" class="a-fixed-left-grid p13n-asin"><div class="a-fixed-left-grid-inner" style="padding-left:82px">
            <div class="a-fixed-left-grid-col a-col-left" style="width:82px;margin-left:-82px;_margin-left:-41px;float:left;"><a class="a-link-normal" href="/Aptamil-Kindermilch-Jahren-4er-Pack/dp/B00BSNAC9C/ref=pd_cp_325_1/277-7281789-8489225?ie=UTF8&refRID=0K8TTEBZSQ1S50KDN22N">
                <img alt="Aptamil Kindermilch 2+ ab 2 Jahren, 4er Pack (4 x 600 g)" src="http://ecx.images-amazon.com/images/I/51-0dVWuw4L._AC_UL70_SR70,70_.jpg" class="a-dynamic-image" height="70" width="70" data-a-dynamic-image="{&quot;http://ecx.images-amazon.com/images/I/51-0dVWuw4L._AC_UL140_SR140,140_.jpg&quot;:[140,140],&quot;http://ecx.images-amazon.com/images/I/51-0dVWuw4L._AC_UL210_SR210,210_.jpg&quot;:[210,210],&quot;http://ecx.images-amazon.com/images/I/51-0dVWuw4L._AC_UL70_SR70,70_.jpg&quot;:[70,70]}">
            </a></div>
            <div class="a-fixed-left-grid-col a-col-right" style="padding-left:0%;*width:99.6%;float:left;">
                
        <div class="a-row">
            <a class="a-link-normal" href="/Aptamil-Kindermilch-Jahren-4er-Pack/dp/B00BSNAC9C/ref=pd_cp_325_1/277-7281789-8489225?ie=UTF8&refRID=0K8TTEBZSQ1S50KDN22N">Aptamil Kindermilch 2+ ab 2 Jahren, 4er Pack (4 x 600 g)</a>
            
            
        </div>
        
        
        <div class="a-icon-row a-spacing-none">
            <a class="a-link-normal" title="4.9 von 5 Sternen" href="/product-reviews/B00BSNAC9C/ref=pd_cp_325_cr_1/277-7281789-8489225?ie=UTF8&refRID=0K8TTEBZSQ1S50KDN22N">
                <i class="a-icon a-icon-star a-star-5"><span class="a-icon-alt">4,9 von 5 Sternen</span></i>
            </a>
            <a class="a-size-small a-link-normal" href="/product-reviews/B00BSNAC9C/ref=pd_cp_325_cr_1/277-7281789-8489225?ie=UTF8&refRID=0K8TTEBZSQ1S50KDN22N">19</a>
        </div>
    
        <div class="a-row"><span class="a-size-base a-color-price">EUR 39,80</span> <span class="a-size-mini a-color-secondary">(EUR 16,58 /  kg)</span> <span style="position: relative; top: 2px;"><i class="a-icon a-icon-prime a-icon-small" aria-label="Prime"><span class="a-icon-alt">Prime</span></i></span></div>
    
            </div>
        </div></div>
    </span></li><li data-fling-container="true" class="a-spacing-medium p13n-sc-list-item"><span class="a-list-item">
        <div data-p13n-asin-metadata="{&quot;ref&quot;:&quot;pd_cp_325_2&quot;,&quot;asin&quot;:&quot;B004X0XAFK&quot;}" class="a-fixed-left-grid p13n-asin"><div class="a-fixed-left-grid-inner" style="padding-left:82px">
            <div class="a-fixed-left-grid-col a-col-left" style="width:82px;margin-left:-82px;_margin-left:-41px;float:left;"><a class="a-link-normal" href="/HiPP-Kindermilch-Combiotik-Jahr-Pack/dp/B004X0XAFK/ref=pd_cp_325_2/277-7281789-8489225?ie=UTF8&refRID=0K8TTEBZSQ1S50KDN22N">
                <img alt="HiPP Kindermilch Combiotik ab 1 Jahr, 4er Pack (4 x 600 g)" src="http://ecx.images-amazon.com/images/I/51fvb8WSpEL._AC_UL70_SR70,70_.jpg" class="a-dynamic-image" height="70" width="70" data-a-dynamic-image="{&quot;http://ecx.images-amazon.com/images/I/51fvb8WSpEL._AC_UL140_SR140,140_.jpg&quot;:[140,140],&quot;http://ecx.images-amazon.com/images/I/51fvb8WSpEL._AC_UL70_SR70,70_.jpg&quot;:[70,70],&quot;http://ecx.images-amazon.com/images/I/51fvb8WSpEL._AC_UL210_SR210,210_.jpg&quot;:[210,210]}">
            </a></div>
            <div class="a-fixed-left-grid-col a-col-right" style="padding-left:0%;*width:99.6%;float:left;">
                
        <div class="a-row">
            <a class="a-link-normal" href="/HiPP-Kindermilch-Combiotik-Jahr-Pack/dp/B004X0XAFK/ref=pd_cp_325_2/277-7281789-8489225?ie=UTF8&refRID=0K8TTEBZSQ1S50KDN22N">HiPP Kindermilch Combiotik ab 1 Jahr, 4er Pack (4 x 600 g)</a>
            
            
        </div>
        
        
        <div class="a-icon-row a-spacing-none">
            <a class="a-link-normal" title="3.8 von 5 Sternen" href="/product-reviews/B004X0XAFK/ref=pd_cp_325_cr_2/277-7281789-8489225?ie=UTF8&refRID=0K8TTEBZSQ1S50KDN22N">
                <i class="a-icon a-icon-star a-star-4"><span class="a-icon-alt">3,8 von 5 Sternen</span></i>
            </a>
            <a class="a-size-small a-link-normal" href="/product-reviews/B004X0XAFK/ref=pd_cp_325_cr_2/277-7281789-8489225?ie=UTF8&refRID=0K8TTEBZSQ1S50KDN22N">6</a>
        </div>
    
        
    
            </div>
        </div></div>
    </span></li><li data-fling-container="true" class="a-spacing-medium p13n-sc-list-item"><span class="a-list-item">
        <div data-p13n-asin-metadata="{&quot;ref&quot;:&quot;pd_cp_325_3&quot;,&quot;asin&quot;:&quot;B007X2CL6E&quot;}" class="a-fixed-left-grid p13n-asin"><div class="a-fixed-left-grid-inner" style="padding-left:82px">
            <div class="a-fixed-left-grid-col a-col-left" style="width:82px;margin-left:-82px;_margin-left:-41px;float:left;"><a class="a-link-normal" href="/Hipp-Bio-Kindermilch-Jahr-Pack/dp/B007X2CL6E/ref=pd_cp_325_3/277-7281789-8489225?ie=UTF8&refRID=0K8TTEBZSQ1S50KDN22N">
                <img alt="Hipp Bio Kindermilch ab 1 Jahr, 4er Pack (4 x 800 g) - Bio" src="http://ecx.images-amazon.com/images/I/51%2Be-UWDYJL._AC_UL70_SR70,70_.jpg" class="a-dynamic-image" height="70" width="70" data-a-dynamic-image="{&quot;http://ecx.images-amazon.com/images/I/51%2Be-UWDYJL._AC_UL210_SR210,210_.jpg&quot;:[210,210],&quot;http://ecx.images-amazon.com/images/I/51%2Be-UWDYJL._AC_UL140_SR140,140_.jpg&quot;:[140,140],&quot;http://ecx.images-amazon.com/images/I/51%2Be-UWDYJL._AC_UL70_SR70,70_.jpg&quot;:[70,70]}">
            </a></div>
            <div class="a-fixed-left-grid-col a-col-right" style="padding-left:0%;*width:99.6%;float:left;">
                
        <div class="a-row">
            <a class="a-link-normal" href="/Hipp-Bio-Kindermilch-Jahr-Pack/dp/B007X2CL6E/ref=pd_cp_325_3/277-7281789-8489225?ie=UTF8&refRID=0K8TTEBZSQ1S50KDN22N">Hipp Bio Kindermilch ab 1 Jahr, 4er Pack (4 x 800 g) - Bio</a>
            
            
        </div>
        
        
        <div class="a-icon-row a-spacing-none">
            <a class="a-link-normal" title="4.5 von 5 Sternen" href="/product-reviews/B007X2CL6E/ref=pd_cp_325_cr_3/277-7281789-8489225?ie=UTF8&refRID=0K8TTEBZSQ1S50KDN22N">
                <i class="a-icon a-icon-star a-star-4-5"><span class="a-icon-alt">4,6 von 5 Sternen</span></i>
            </a>
            <a class="a-size-small a-link-normal" href="/product-reviews/B007X2CL6E/ref=pd_cp_325_cr_3/277-7281789-8489225?ie=UTF8&refRID=0K8TTEBZSQ1S50KDN22N">22</a>
        </div>
    
        <div class="a-row"><span class="a-size-base a-color-price">EUR 37,80</span> <span class="a-size-mini a-color-secondary">(EUR 11,81 /  kg)</span> <span style="position: relative; top: 2px;"><i class="a-icon a-icon-prime a-icon-small" aria-label="Prime"><span class="a-icon-alt">Prime</span></i></span></div>
    
            </div>
        </div></div>
    </span></li><li data-fling-container="true" class="a-spacing-medium p13n-sc-list-item"><span class="a-list-item">
        <div data-p13n-asin-metadata="{&quot;ref&quot;:&quot;pd_cp_325_4&quot;,&quot;asin&quot;:&quot;B004X0XALE&quot;}" class="a-fixed-left-grid p13n-asin"><div class="a-fixed-left-grid-inner" style="padding-left:82px">
            <div class="a-fixed-left-grid-col a-col-left" style="width:82px;margin-left:-82px;_margin-left:-41px;float:left;"><a class="a-link-normal" href="/HiPP-Kindermilch-Combiotik-Jahre-Pack/dp/B004X0XALE/ref=pd_cp_325_4/277-7281789-8489225?ie=UTF8&refRID=0K8TTEBZSQ1S50KDN22N">
                <img alt="HiPP Kindermilch Combiotik ab 2 Jahre (4er Pack, 4 x 600 g)" src="http://ecx.images-amazon.com/images/I/51vcR7%2BjnCL._AC_UL70_SR70,70_.jpg" class="a-dynamic-image" height="70" width="70" data-a-dynamic-image="{&quot;http://ecx.images-amazon.com/images/I/51vcR7%2BjnCL._AC_UL140_SR140,140_.jpg&quot;:[140,140],&quot;http://ecx.images-amazon.com/images/I/51vcR7%2BjnCL._AC_UL210_SR210,210_.jpg&quot;:[210,210],&quot;http://ecx.images-amazon.com/images/I/51vcR7%2BjnCL._AC_UL70_SR70,70_.jpg&quot;:[70,70]}">
            </a></div>
            <div class="a-fixed-left-grid-col a-col-right" style="padding-left:0%;*width:99.6%;float:left;">
                
        <div class="a-row">
            <a class="a-link-normal" href="/HiPP-Kindermilch-Combiotik-Jahre-Pack/dp/B004X0XALE/ref=pd_cp_325_4/277-7281789-8489225?ie=UTF8&refRID=0K8TTEBZSQ1S50KDN22N">HiPP Kindermilch Combiotik ab 2 Jahre (4er Pack, 4 x 600 g)</a>
            
            
        </div>
        
        
        <div class="a-icon-row a-spacing-none">
            <a class="a-link-normal" title="5.0 von 5 Sternen" href="/product-reviews/B004X0XALE/ref=pd_cp_325_cr_4/277-7281789-8489225?ie=UTF8&refRID=0K8TTEBZSQ1S50KDN22N">
                <i class="a-icon a-icon-star a-star-5"><span class="a-icon-alt">5,0 von 5 Sternen</span></i>
            </a>
            <a class="a-size-small a-link-normal" href="/product-reviews/B004X0XALE/ref=pd_cp_325_cr_4/277-7281789-8489225?ie=UTF8&refRID=0K8TTEBZSQ1S50KDN22N">5</a>
        </div>
    
        <div class="a-row"><span class="a-size-base a-color-price">EUR 49,03</span> <span class="a-size-mini a-color-secondary">(EUR 20,43 /  kg)</span> </div>
    
            </div>
        </div></div>
    </span></li>
            </ul>
        </div>
    
        </div>
    
        </div>
        
        
    <div class="vtp-footer"></div>










</div>


<div id="like-delayed-render_feature_div">


 
 
 
 
</div>



<table border="0" cellpadding="0" cellspacing="0"  align="right">

<tr><td valign="top" width="100%"></td></tr></table>


<div id="dp-ads-center-promo_feature_div">
</div>


<div id="ask-btf_feature_div">





















<link rel="stylesheet" href="http://z-ecx.images-amazon.com/images/G/01/AUIClients/AskAuiAssets-4e388e8bc83c37c5bd4b69d11fbedb75674198f7._V2_.css#AUIClients/AskAuiAssets.weblab-ASK_MOBILE_POST_ANSWER_56379-T1.min" />
<script>
  (window.AmazonUIPageJS ? AmazonUIPageJS : P).load.js('http://z-ecx.images-amazon.com/images/G/01/AUIClients/AskAuiAssets-5537404744e171d554cf94f90fe05153e66d0cc1._V2_.js#AUIClients/AskAuiAssets.weblab-ASK_MOBILE_POST_ANSWER_56379-T1.min');
</script>
<script>
  window.P && P.when('jQuery', 'ready').execute(function($) {
    var btf = $('#ask-btf_feature_div');
    if ($('html').is('.a-lt-ie10')) {
      var assetsLink = btf.find('link').attr('href');
      document.styleSheets[document.styleSheets.length - 1].addImport(assetsLink);
    } else {
      btf.find('script, link').appendTo('head');
    }

    var atf = $('.askATFLink');
    atf.attr("href", "#Ask");
  });
</script>

<div id="cf-ask-cel" class="celwidget">
  <a name="Ask"></a>
















<div id="ask_lazy_load_div">
    <hr class="bucketDivider" size="1" noshade="noshade">
    <div class="cdQuestionAnswerBucket" style='height: 120px;'>
        <div class="cdQuestionAnswerHeader">
            Kunden Fragen und Antworten
        </div>
        <div class="cdQuestionLazySeeAll">
            <a href="http://www.amazon.de/Aptamil-Kindermilch-Jahr-4er-Pack/forum/-/-/1/ref=cm_cd_dp_lla_ql_ll/277-7281789-8489225?_encoding=UTF8&amp;asin=B00BSNACII">Fragen und Antworten anzeigen</a>
        </div>
        <div class="loading_ind" style="display:none" width="100%">
            <img src="http://g-ecx.images-amazon.com/images/G/03/ui/loadIndicators/loadIndicator-large._CB192546224_.gif" style="padding:8px 0px 0px 100px" />
        </div>
    </div>
    <script>
    (function(P){
        P.when("jQuery").execute(function($){
           "use strict";
            $('.cdQuestionAnswerBucket').height(432);
        });
    })(window.AmazonUIPageJS || window.P);
    </script>
</div>



    




<script>
  (window.AmazonUIPageJS ? AmazonUIPageJS : P).load.js('http://z-ecx.images-amazon.com/images/G/01/AUIClients/DetailPageLazyLoadLibAssets-5e248ff38f5cfe623b72e1b4d40468dcd5bd6540._V2_.js#AUIClients/DetailPageLazyLoadLibAssets.min');
</script>


<script type="text/JavaScript">

     P.when("jQuery", "lazyLoadLib","ready").execute(function ($) {
            $('#ask_lazy_load_div').lazyLoadContent({
             threshold : 800,
             url: "/gp/ask-widget/askWidget.html?asin=B00BSNACII&askError=&askMessage=&wdg=grocery_display_on_website&requestID=0K8TTEBZSQ1S50KDN22N",
             metrics : true,
             name : 'ask_btf',
             cache : false
             }); 
     });
</script>
</div>





</div>


<div id="customer-reviews_feature_div">















    
    
    

    
    
    













































































































































































































































































































































  
  











<div id="revDivider" class="a-divider a-divider-section"><div class="a-divider-inner"></div></div>
<a id="customerReviews" class="a-link-normal" href="#">
</a>

<div id="cm_cr_dpwidget" class="a-section a-spacing-extra-large celwidget">
  <div class="a-row">
    <div id="revMHLContainer" class="a-column a-span8">
    <h2 class="a-spacing-small">Kundenrezensionen</h2> 
      <div id="revMHLContainerChild" class="a-section a-padding-small">
        <div id="summaryContainer" class="a-row a-spacing-medium">
            <div id="revSum" class="a-section">
              






<div class="a-row a-spacing-small">
  








<div id="summaryStars" class="a-row">  
  <a class="a-link-normal a-text-normal product-reviews-link" title="4.5 von 5 Sternen" href="http://www.amazon.de/product-reviews/B00BSNACII/ref=cm_cr_dp_see_all_top/277-7281789-8489225?ie=UTF8&showViewpoints=1&sortBy=helpful">
    <i class="a-icon a-icon-star-medium a-star-medium-4-5"><span class="a-icon-alt">4.5 von 5 Sternen</span></i>
    31
  </a>  
</div>
<div id="avgRating" class="a-row a-spacing-small a-color-secondary"> 
  <span>
    4.5 von 5 Sternen
    </span>
</div>











</div>

<div class="a-fixed-left-grid"><div class="a-fixed-left-grid-inner" style="padding-left:185px">

  <div class="a-fixed-left-grid-col a-col-left" style="width:185px;margin-left:-185px;_margin-left:-92.5px;float:left;">
    








































<table id="histogramTable" class="a-normal a-align-middle a-spacing-base">
  <tr class="a-histogram-row">
    <td class="a-nowrap">
      <a class="a-link-normal" title="81% der Rezensionen haben 5 Sterne" href="http://www.amazon.de/product-reviews/B00BSNACII/ref=cm_cr_dp_hist_five/277-7281789-8489225?ie=UTF8&filterByStar=five_star&showViewpoints=0">5 Sterne</a><span class="a-letter-space"></span>      
    </td>
    <td class="a-span10">
      <a class="a-link-normal" title="81% der Rezensionen haben 5 Sterne" href="http://www.amazon.de/product-reviews/B00BSNACII/ref=cm_cr_dp_hist_five/277-7281789-8489225?ie=UTF8&filterByStar=five_star&showViewpoints=0"><div class="a-meter" aria-label="81%"><div class="a-meter-bar" style="width: 81%;"></div></div></a>
    </td>
    <td class="a-nowrap">
      <span class="a-letter-space"></span><a class="a-link-normal" title="81% der Rezensionen haben 5 Sterne" href="http://www.amazon.de/product-reviews/B00BSNACII/ref=cm_cr_dp_hist_five/277-7281789-8489225?ie=UTF8&filterByStar=five_star&showViewpoints=0">25</a>
    </td>
  </tr>
  <tr class="a-histogram-row">
    <td class="a-nowrap">
      <a class="a-link-normal" title="3% der Rezensionen haben 4 Sterne" href="http://www.amazon.de/product-reviews/B00BSNACII/ref=cm_cr_dp_hist_four/277-7281789-8489225?ie=UTF8&filterByStar=four_star&showViewpoints=0">4 Sterne</a><span class="a-letter-space"></span>      
    </td>
    <td class="a-span10">
      <a class="a-link-normal" title="3% der Rezensionen haben 4 Sterne" href="http://www.amazon.de/product-reviews/B00BSNACII/ref=cm_cr_dp_hist_four/277-7281789-8489225?ie=UTF8&filterByStar=four_star&showViewpoints=0"><div class="a-meter" aria-label="3%"><div class="a-meter-bar" style="width: 3%;"></div></div></a>
    </td>
    <td class="a-nowrap">
      <span class="a-letter-space"></span><a class="a-link-normal" title="3% der Rezensionen haben 4 Sterne" href="http://www.amazon.de/product-reviews/B00BSNACII/ref=cm_cr_dp_hist_four/277-7281789-8489225?ie=UTF8&filterByStar=four_star&showViewpoints=0">1</a>
    </td>
  </tr>
  <tr class="a-histogram-row">
    <td class="a-nowrap">
      <a class="a-link-normal" title="6% der Rezensionen haben 3 Sterne" href="http://www.amazon.de/product-reviews/B00BSNACII/ref=cm_cr_dp_hist_three/277-7281789-8489225?ie=UTF8&filterByStar=three_star&showViewpoints=0">3 Sterne</a><span class="a-letter-space"></span>      
    </td>
    <td class="a-span10">
      <a class="a-link-normal" title="6% der Rezensionen haben 3 Sterne" href="http://www.amazon.de/product-reviews/B00BSNACII/ref=cm_cr_dp_hist_three/277-7281789-8489225?ie=UTF8&filterByStar=three_star&showViewpoints=0"><div class="a-meter" aria-label="6%"><div class="a-meter-bar" style="width: 6%;"></div></div></a>
    </td>
    <td class="a-nowrap">
      <span class="a-letter-space"></span><a class="a-link-normal" title="6% der Rezensionen haben 3 Sterne" href="http://www.amazon.de/product-reviews/B00BSNACII/ref=cm_cr_dp_hist_three/277-7281789-8489225?ie=UTF8&filterByStar=three_star&showViewpoints=0">2</a>
    </td>
  </tr>
  <tr class="a-histogram-row">
    <td class="a-nowrap">
      2 Sterne<span class="a-letter-space"></span>
    </td>
    <td class="a-span10">
      <div class="a-meter" aria-label="0%"><div class="a-meter-bar" style="width: 0%;"></div></div>      
    </td>
    <td class="a-nowrap">
      <span class="a-letter-space"></span><span>0</span>
    </td>
  </tr>
  <tr class="a-histogram-row">
    <td class="a-nowrap">
      <a class="a-link-normal" title="10% der Rezensionen haben 1 Sterne" href="http://www.amazon.de/product-reviews/B00BSNACII/ref=cm_cr_dp_hist_one/277-7281789-8489225?ie=UTF8&filterByStar=one_star&showViewpoints=0">1 Stern<span style="color:#FFFFFF">e</span></a><span class="a-letter-space"></span>      
    </td>
    <td class="a-span10">
      <a class="a-link-normal" title="10% der Rezensionen haben 1 Sterne" href="http://www.amazon.de/product-reviews/B00BSNACII/ref=cm_cr_dp_hist_one/277-7281789-8489225?ie=UTF8&filterByStar=one_star&showViewpoints=0"><div class="a-meter" aria-label="10%"><div class="a-meter-bar" style="width: 10%;"></div></div></a>
    </td>
    <td class="a-nowrap">
      <span class="a-letter-space"></span><a class="a-link-normal" title="10% der Rezensionen haben 1 Sterne" href="http://www.amazon.de/product-reviews/B00BSNACII/ref=cm_cr_dp_hist_one/277-7281789-8489225?ie=UTF8&filterByStar=one_star&showViewpoints=0">3</a>
    </td>
  </tr>
</table>

               








          
    
    <a class="a-link-emphasis a-nowrap" href="http://www.amazon.de/product-reviews/B00BSNACII/ref=cm_cr_dp_see_all_summary/277-7281789-8489225?ie=UTF8&showViewpoints=1&sortBy=helpful">Alle 31 Kundenrezensionen anzeigen</a>
    
    
  </div>
    
  <div class="a-fixed-left-grid-col a-col-right" style="padding-left:6%;*width:93.6%;float:left;">                           

    <div class="a-row a-spacing-medium">
      <span id="shareYourThoughts">
        Sagen Sie Ihre Meinung zu diesem Artikel
      </span>
    </div>
    <div class="a-row a-spacing-medium">
      <span id="summaryWriteReviewButton" class="a-button a-button-supplemental a-button-width-normal"><span class="a-button-inner"><i class="a-icon a-icon-supplemental"></i><a id="summaryWriteReviewButton-announce" href="http://www.amazon.de/review/create-review/ref=cm_cr_dp_wrt_top/277-7281789-8489225?ie=UTF8&asin=B00BSNACII&channel=detail-glance&nodeID=340846031&store=grocery" title="Kundenrezension verfassen" class="a-button-text" role="button">
        Kundenrezension verfassen
      </a></span></span>
    </div>
  </div>
  
</div></div>

            </div>
        </div>
        <div class="a-row">
          <div id="revMH" class="a-column a-span11">
            





<h3 class="a-spacing-small">Top-Kundenrezensionen</h3>
<div id="revMHRL" class="a-section"> 






















<div id="rev-dpReviewsMostHelpfulAUI-R3JVD99OYZ10L0" class="a-section celwidget"><div class="a-row a-spacing-micro"><div class="a-icon-row a-spacing-none"><a class="a-link-normal a-text-normal a-color-base" title="5.0 von 5 Sternen" href="http://www.amazon.de/review/R3JVD99OYZ10L0/ref=cm_cr_dp_title/277-7281789-8489225?ie=UTF8&ASIN=B00BSNACII&channel=detail-glance&nodeID=340846031&store=grocery"><i class="a-icon a-icon-star a-star-5"><span class="a-icon-alt">5.0 von 5 Sternen</span></i></a><span class="a-letter-space"></span><a class="a-link-normal a-text-normal a-color-base" href="http://www.amazon.de/review/R3JVD99OYZ10L0/ref=cm_cr_dp_title/277-7281789-8489225?ie=UTF8&ASIN=B00BSNACII&channel=detail-glance&nodeID=340846031&store=grocery"><span class="a-size-base a-text-bold">Chinesische Mafia?</span></a></div><span class="a-color-secondary">
    







  <span class="a-size-normal">
    <span class="a-color-secondary">
      Von
    </span>
    <a href="/gp/pdp/profile/A16278G0JB1QGC/ref=cm_cr_dp_pdp/277-7281789-8489225" class="noTextDecoration">Carlos Fernandez</a>
  </span>
<span class="a-color-secondary"> am 23. Februar 2015</span></span></div><div id="revData-dpReviewsMostHelpfulAUI-R3JVD99OYZ10L0" class="a-row a-spacing-small"><span class="a-size-mini a-color-secondary">Größe: 4 x 600g</span>





  <script type="text/javascript">
    

P.when("A").execute(function(A) {
    var jQuery         = A.$;
    function showFullReview(event) {
        event.$event.preventDefault();
        event.$target.hide();
    
        var parent = event.$target.parent().parent();
        var fullText = parent.find(".MHRHead").html() +  event.data.rest;
        var pxInitialSize = parent.height();
          
        parent.html(fullText);
        var pxTargetSize = parent.height();
        parent.height(pxInitialSize);
        parent.animate({height: pxTargetSize + 'px'}, 400, function(){parent.css("height", "auto")});
    }
    
    A.declarative("columnbalancing-showfullreview", ["click"], showFullReview);
});

  </script>

<div class="a-section">
  A. Das Produkt ist gut. Ich und meine (Oh Gott) chinesische Frau kaufen die Milch auch f&uuml;r unseren Sohn.<br>B. Wenn Sie Chinesen sehen die Babymilch kaufen, die die Milch nicht f&uuml;r sich selbst kaufen, dann steckt da nicht die chinesische Mafia dahinter, sondern meist eine Anfrage von Freunden oder Familie und die Sachen werden in 90 Prozent der F&auml;lle tats&auml;chlich zum Selbstkostenpreis nach China geschickt (wie gesagt, Freunde und Verwandte). Warum? Weil es vor ein paar Jahren in China einen Milchpulverskandal gab und seit dem das Vertrauen in die heimischen Produkte futsch ist. Um den heimischen Markt zu sch&uuml;tzen hat die chinesische Regierung hohe Z&ouml;lle auf Babynahrung gelegt. Da das Vertrauen immer noch nicht da ist, versuchen die, die es sich leisten k&ouml;nnen, sich Milchpulver aus Europa schicken zu lassen, da sie den hiesigen Marken vertrauen. In der Regel also keine Mafia, sondern nur besorgte Eltern, die das beste f&uuml;r ihr Kind wollen.<br>Ich hoffe es st&ouml;&szlig;t sich keiner an meiner Grammatik.<br>Lie&szlig;e Gr&uuml;sse<br>D.
</div>

</div>









<a class="a-link-normal comment-link commentStripe" title="0" href="http://www.amazon.de/review/R3JVD99OYZ10L0/ref=cm_cr_dp_cmt/277-7281789-8489225?ie=UTF8&ASIN=B00BSNACII&channel=detail-glance&nodeID=340846031&store=grocery#wasThisHelpful">Kommentar</a>
<i class="a-icon a-icon-text-separator commentStripe"></i>











<a id="R3JVD99OYZ10L0.2115.Helpful.Reviews"></a>
<span id="cr-vote-R3JVD99OYZ10L0" class="votingStripe">
      <span class="a-size-base a-color-secondary cr-vote-buttons">
    20 Personen fanden diese Informationen hilfreich. War diese Rezension für Sie hilfreich?
    <span class="a-letter-space"></span>
    <span class="a-declarative" data-action="cr-vote" data-cr-vote="{&quot;rootComponentId&quot;:&quot;#cr-vote-R3JVD99OYZ10L0&quot;,&quot;reviewId&quot;:&quot;R3JVD99OYZ10L0&quot;}" style="display: inline">
      <span class="a-button a-button-beside-text a-button-small yesButton votingButtonReviews"><span class="a-button-inner"><a href="http://www.amazon.de/gp/voting/cast/Reviews/2115/R3JVD99OYZ10L0/Helpful/1/ref=cm_cr_dp_voteyn_yes/277-7281789-8489225?ie=UTF8&target=aHR0cDovL3d3dy5hbWF6b24uZGUvZ3AvcHJvZHVjdC9CMDBCU05BQ0lJL3JlZj1jbV9jcl9kcHZvdGVyZHIvMjc3LTcyODE3ODktODQ4OTIyNT9pZT1VVEY4Jm09QTNKV0tBS1I4WEI3WEY&token=8EF3D6844FFB8BAF57EEAEE881E941A4AFC70D76&voteAnchorName=R3JVD99OYZ10L0.2115.Helpful.Reviews&voteSessionID=277-7281789-8489225" title="Ja" class="a-button-text a-text-center" role="button">Ja </a></span></span><span class="a-button a-button-beside-text a-button-small noButton votingButtonReviews"><span class="a-button-inner"><a href="http://www.amazon.de/gp/voting/cast/Reviews/2115/R3JVD99OYZ10L0/Helpful/-1/ref=cm_cr_dp_voteyn_no/277-7281789-8489225?ie=UTF8&target=aHR0cDovL3d3dy5hbWF6b24uZGUvZ3AvcHJvZHVjdC9CMDBCU05BQ0lJL3JlZj1jbV9jcl9kcHZvdGVyZHIvMjc3LTcyODE3ODktODQ4OTIyNT9pZT1VVEY4Jm09QTNKV0tBS1I4WEI3WEY&token=DF01DAE29058CB0C2D3C0C63D00B20FC4D51CBDA&voteAnchorName=R3JVD99OYZ10L0.2115.Helpful.Reviews&voteSessionID=277-7281789-8489225" title="Nein" class="a-button-text a-text-center" role="button">Nein</a></span></span>
    </span>
  </span>
  <span class="a-hidden cr-vote-feedback">
    Feedback senden...
  </span>
  <div class="a-box a-alert-inline a-alert-inline-success a-hidden cr-vote-success"><div class="a-box-inner a-alert-container"><i class="a-icon a-icon-alert"></i><div class="a-alert-content">
	Vielen Dank für Ihr Feedback.
  </div></div></div>
  <div class="a-box a-alert-inline a-alert-inline-error a-hidden cr-vote-error"><div class="a-box-inner a-alert-container"><i class="a-icon a-icon-alert"></i><div class="a-alert-content">
    Wir konnten Ihre Stimmabgabe leider nicht speichern. Bitte erneut versuchen
  </div></div></div>
  <span class="a-letter-space"></span>
  <span class="a-color-base cr-vote-inapp">
    <a href="http://www.amazon.de/gp/voting/cast/Reviews/2115/R3JVD99OYZ10L0/Inappropriate/1/ref=cm_cr_dp_abuse_voteyn/277-7281789-8489225?ie=UTF8&target=aHR0cDovL3d3dy5hbWF6b24uZGUvZ3AvcHJvZHVjdC9CMDBCU05BQ0lJL3JlZj1jbV9jcl9kcF9hYnVzZV92b3RlcmRyLzI3Ny03MjgxNzg5LTg0ODkyMjU_aWU9VVRGOCZtPUEzSldLQUtSOFhCN1hG&token=A1A1D939DDFE0A5B1093F4B50986513CD6F50A46&voteAnchorName=R3JVD99OYZ10L0.2115.Inappropriate.Reviews&voteSessionID=277-7281789-8489225" >Missbrauch melden</a>
  </span>
</span>



<div id="ocStripe-dpReviewsMostHelpfulAUI-R3JVD99OYZ10L0" class="a-row a-spacing-small officialCommentStripe"><script type='text/javascript'>
    
            if (typeof window.cr_popup_registered === 'undefined') {
                window.cr_popup_registered = true;
                P.when('A').register('cr_popup', function(A) {
                    var popWin = function(url,name,options) {
                        var ContextWindow = window.open(url,name,options);
                        ContextWindow.focus();
                        return false;
                    }

                    function popup(event) {
                        var data = event.data;
                        var toolbar = data.toolbar;
                        if (typeof toolbar === 'undefined') {
                            toolbar = 0;
                        }
                        var jqEvent = event.$event;
                        var url = event.$target.closest('a').attr('href');
                        popWin(url,data.title,'width=' + data.width + ',height=' + data.height + ',resizable=1,scrollbars=1,toolbar=' + toolbar + ',status=1');
                        jqEvent.preventDefault();
                    }
                    A.declarative('cr-popup', ['click'], popup);
                });
            }
         
</script></div></div>

<div id="rev-dpReviewsMostHelpfulAUI-R3MSD0LK5S8BL7" class="a-section celwidget"><div class="a-row a-spacing-micro"><div class="a-icon-row a-spacing-none"><a class="a-link-normal a-text-normal a-color-base" title="5.0 von 5 Sternen" href="http://www.amazon.de/review/R3MSD0LK5S8BL7/ref=cm_cr_dp_title/277-7281789-8489225?ie=UTF8&ASIN=B00BSNACII&channel=detail-glance&nodeID=340846031&store=grocery"><i class="a-icon a-icon-star a-star-5"><span class="a-icon-alt">5.0 von 5 Sternen</span></i></a><span class="a-letter-space"></span><a class="a-link-normal a-text-normal a-color-base" href="http://www.amazon.de/review/R3MSD0LK5S8BL7/ref=cm_cr_dp_title/277-7281789-8489225?ie=UTF8&ASIN=B00BSNACII&channel=detail-glance&nodeID=340846031&store=grocery"><span class="a-size-base a-text-bold">aptamil</span></a></div><span class="a-color-secondary">







  <span class="a-size-normal">
    <span class="a-color-secondary">
      Von
    </span>
    <a href="/gp/pdp/profile/A3TGL1AOCAXN0/ref=cm_cr_dp_pdp/277-7281789-8489225" class="noTextDecoration">Alois Laurenz</a>
  </span>
<span class="a-color-secondary"> am 4. Mai 2016</span></span></div><div id="revData-dpReviewsMostHelpfulAUI-R3MSD0LK5S8BL7" class="a-row a-spacing-small"><span class="a-size-mini a-color-secondary">Größe: 4 x 600g</span>






<div class="a-section">
  F&uuml;r eine gesunde Zukunft Ihres Kindes<br>  Aptamil Kindermilch 1+ eignet sich f&uuml;r Kleinkinder ab 1 Jahr als Milchgetr&auml;nk zum Fr&uuml;hst&uuml;ck, Abendessen oder f&uuml;r zwischendurch<br>  Rezeptur entspricht den neuesten Empfehlungen zur Zusammensetzung<br>  mit Vitamin A, C & D - tr&auml;gt auf nat&uuml;rliche Weise zu einem gesunden Immunsystem bei<br>  mit Vitamin D und Calcium - f&uuml;r das normale Wachstum und die Entwicklung der Knochen und mit altersgerecht reduziertem Eiwei&szlig;gehalt
</div>

</div>









<a class="a-link-normal comment-link commentStripe" title="0" href="http://www.amazon.de/review/R3MSD0LK5S8BL7/ref=cm_cr_dp_cmt/277-7281789-8489225?ie=UTF8&ASIN=B00BSNACII&channel=detail-glance&nodeID=340846031&store=grocery#wasThisHelpful">Kommentar</a>
<i class="a-icon a-icon-text-separator commentStripe"></i>









<script type='text/javascript'>
  


  
P.when("A").execute(function(A) {
   
   function vote(event) {
     var root = A.$(event.data.rootComponentId);
     var target = event.$target;
     root.find(".cr-vote-buttons").addClass("a-hidden");
     root.find(".cr-vote-feedback").removeClass("a-hidden");
       
     A.get(target.attr("href") + "&type=json&_=" + (new Date()).getTime(),
     {
	   dataType: 'json',
	   ajaxTimeout: 10000,
	   success: function(data, textStatus){ 
         success(data, root, target);
       },
	   error: function(XMLHttpRequest, textStatus, errorThrown){
         error(root, target);
       }
	 });
     event.$event.preventDefault();

   }

   function isNoButton(target) {       
     return target.closest(".noButton").length > 0;
   }

   function success(data, root, target) {
       if (data.redirect == 1) {
	   window.location.href = target.attr("href");
       } else if (data.error == 1) {
	   error(root, target);
       } else {
	   root.find(".cr-vote-success").removeClass("a-hidden");	   
	   root.find(".cr-vote-feedback").addClass("a-hidden");
       }
   }

   function error(root, target) {
       root.find(".cr-vote-error").removeClass("a-hidden");	   
       root.find(".cr-vote-feedback").addClass("a-hidden");
   }

   A.declarative("cr-vote", ["click"], vote);
});


</script>

<a id="R3MSD0LK5S8BL7.2115.Helpful.Reviews"></a>
<span id="cr-vote-R3MSD0LK5S8BL7" class="votingStripe">
      <span class="cr-vote-buttons">
    War diese Rezension für Sie hilfreich?
    <span class="a-letter-space"></span>
    <span class="a-declarative" data-action="cr-vote" data-cr-vote="{&quot;rootComponentId&quot;:&quot;#cr-vote-R3MSD0LK5S8BL7&quot;,&quot;reviewId&quot;:&quot;R3MSD0LK5S8BL7&quot;}" style="display: inline">
      <span class="a-button a-button-beside-text a-button-small yesButton votingButtonReviews"><span class="a-button-inner"><a href="http://www.amazon.de/gp/voting/cast/Reviews/2115/R3MSD0LK5S8BL7/Helpful/1/ref=cm_cr_dp_voteyn_yes/277-7281789-8489225?ie=UTF8&target=aHR0cDovL3d3dy5hbWF6b24uZGUvZ3AvcHJvZHVjdC9CMDBCU05BQ0lJL3JlZj1jbV9jcl9kcHZvdGVyZHIvMjc3LTcyODE3ODktODQ4OTIyNT9pZT1VVEY4Jm09QTNKV0tBS1I4WEI3WEY&token=576D9653BD0290ED8BBD4BB0544FC7B284016F9F&voteAnchorName=R3MSD0LK5S8BL7.2115.Helpful.Reviews&voteSessionID=277-7281789-8489225" title="Ja" class="a-button-text a-text-center" role="button">Ja </a></span></span><span class="a-button a-button-beside-text a-button-small noButton votingButtonReviews"><span class="a-button-inner"><a href="http://www.amazon.de/gp/voting/cast/Reviews/2115/R3MSD0LK5S8BL7/Helpful/-1/ref=cm_cr_dp_voteyn_no/277-7281789-8489225?ie=UTF8&target=aHR0cDovL3d3dy5hbWF6b24uZGUvZ3AvcHJvZHVjdC9CMDBCU05BQ0lJL3JlZj1jbV9jcl9kcHZvdGVyZHIvMjc3LTcyODE3ODktODQ4OTIyNT9pZT1VVEY4Jm09QTNKV0tBS1I4WEI3WEY&token=C7ABEBAFC77FC700AAB04D9D8131F1F4F35510CE&voteAnchorName=R3MSD0LK5S8BL7.2115.Helpful.Reviews&voteSessionID=277-7281789-8489225" title="Nein" class="a-button-text a-text-center" role="button">Nein</a></span></span>
    </span>
  </span>
  <span class="a-hidden cr-vote-feedback">
    Feedback senden...
  </span>
  <div class="a-box a-alert-inline a-alert-inline-success a-hidden cr-vote-success"><div class="a-box-inner a-alert-container"><i class="a-icon a-icon-alert"></i><div class="a-alert-content">
	Vielen Dank für Ihr Feedback.
  </div></div></div>
  <div class="a-box a-alert-inline a-alert-inline-error a-hidden cr-vote-error"><div class="a-box-inner a-alert-container"><i class="a-icon a-icon-alert"></i><div class="a-alert-content">
    Wir konnten Ihre Stimmabgabe leider nicht speichern. Bitte erneut versuchen
  </div></div></div>
  <span class="a-letter-space"></span>
  <span class="a-color-base cr-vote-inapp">
    <a href="http://www.amazon.de/gp/voting/cast/Reviews/2115/R3MSD0LK5S8BL7/Inappropriate/1/ref=cm_cr_dp_abuse_voteyn/277-7281789-8489225?ie=UTF8&target=aHR0cDovL3d3dy5hbWF6b24uZGUvZ3AvcHJvZHVjdC9CMDBCU05BQ0lJL3JlZj1jbV9jcl9kcF9hYnVzZV92b3RlcmRyLzI3Ny03MjgxNzg5LTg0ODkyMjU_aWU9VVRGOCZtPUEzSldLQUtSOFhCN1hG&token=88793161BAA8CC41306CDB9140A059431912D049&voteAnchorName=R3MSD0LK5S8BL7.2115.Inappropriate.Reviews&voteSessionID=277-7281789-8489225" >Missbrauch melden</a>
  </span>
</span>



</div>






<div id="rev-dpReviewsMostHelpfulAUI-RGA601Y4XGDFT" class="a-section celwidget"><div class="a-row a-spacing-micro"><div class="a-icon-row a-spacing-none"><a class="a-link-normal a-text-normal a-color-base" title="1.0 von 5 Sternen" href="http://www.amazon.de/review/RGA601Y4XGDFT/ref=cm_cr_dp_title/277-7281789-8489225?ie=UTF8&ASIN=B00BSNACII&channel=detail-glance&nodeID=340846031&store=grocery"><i class="a-icon a-icon-star a-star-1"><span class="a-icon-alt">1.0 von 5 Sternen</span></i></a><span class="a-letter-space"></span><a class="a-link-normal a-text-normal a-color-base" href="http://www.amazon.de/review/RGA601Y4XGDFT/ref=cm_cr_dp_title/277-7281789-8489225?ie=UTF8&ASIN=B00BSNACII&channel=detail-glance&nodeID=340846031&store=grocery"><span class="a-size-base a-text-bold">expensive and Shelf life only until March,2016</span></a></div><span class="a-color-secondary">







  <span class="a-size-normal">
    <span class="a-color-secondary">
      Von
    </span>
    <a href="/gp/pdp/profile/AJGNKJT4D7J72/ref=cm_cr_dp_pdp/277-7281789-8489225" class="noTextDecoration">Amazon Customer</a>
  </span>
<span class="a-color-secondary"> am 24. November 2015</span></span></div><div id="revData-dpReviewsMostHelpfulAUI-RGA601Y4XGDFT" class="a-row a-spacing-small"><span class="a-size-mini a-color-secondary">Größe: 12 x 600g</span>






<div class="a-section">
  It's more expensive than Amazon.de, and it's very annoying that  shelf life only until March,2016!!! Only three months,three months,12 Pack!
</div>

</div>









<a class="a-link-normal comment-link commentStripe" title="0" href="http://www.amazon.de/review/RGA601Y4XGDFT/ref=cm_cr_dp_cmt/277-7281789-8489225?ie=UTF8&ASIN=B00LTPUMJ4&channel=detail-glance&nodeID=340846031&store=grocery#wasThisHelpful">Kommentar</a>
<i class="a-icon a-icon-text-separator commentStripe"></i>









<script type='text/javascript'>
  


  
P.when("A").execute(function(A) {
   
   function vote(event) {
     var root = A.$(event.data.rootComponentId);
     var target = event.$target;
     root.find(".cr-vote-buttons").addClass("a-hidden");
     root.find(".cr-vote-feedback").removeClass("a-hidden");
       
     A.get(target.attr("href") + "&type=json&_=" + (new Date()).getTime(),
     {
	   dataType: 'json',
	   ajaxTimeout: 10000,
	   success: function(data, textStatus){ 
         success(data, root, target);
       },
	   error: function(XMLHttpRequest, textStatus, errorThrown){
         error(root, target);
       }
	 });
     event.$event.preventDefault();

   }

   function isNoButton(target) {       
     return target.closest(".noButton").length > 0;
   }

   function success(data, root, target) {
       if (data.redirect == 1) {
	   window.location.href = target.attr("href");
       } else if (data.error == 1) {
	   error(root, target);
       } else {
	   root.find(".cr-vote-success").removeClass("a-hidden");	   
	   root.find(".cr-vote-feedback").addClass("a-hidden");
       }
   }

   function error(root, target) {
       root.find(".cr-vote-error").removeClass("a-hidden");	   
       root.find(".cr-vote-feedback").addClass("a-hidden");
   }

   A.declarative("cr-vote", ["click"], vote);
});


</script>

<a id="RGA601Y4XGDFT.2115.Helpful.Reviews"></a>
<span id="cr-vote-RGA601Y4XGDFT" class="votingStripe">
      <span class="a-size-base a-color-secondary cr-vote-buttons">
    3 Personen fanden diese Informationen hilfreich. War diese Rezension für Sie hilfreich?
    <span class="a-letter-space"></span>
    <span class="a-declarative" data-action="cr-vote" data-cr-vote="{&quot;rootComponentId&quot;:&quot;#cr-vote-RGA601Y4XGDFT&quot;,&quot;reviewId&quot;:&quot;RGA601Y4XGDFT&quot;}" style="display: inline">
      <span class="a-button a-button-beside-text a-button-small yesButton votingButtonReviews"><span class="a-button-inner"><a href="http://www.amazon.de/gp/voting/cast/Reviews/2115/RGA601Y4XGDFT/Helpful/1/ref=cm_cr_dp_voteyn_yes/277-7281789-8489225?ie=UTF8&target=aHR0cDovL3d3dy5hbWF6b24uZGUvZ3AvcHJvZHVjdC9CMDBCU05BQ0lJL3JlZj1jbV9jcl9kcHZvdGVyZHIvMjc3LTcyODE3ODktODQ4OTIyNT9pZT1VVEY4Jm09QTNKV0tBS1I4WEI3WEY&token=EC86D77161453FD8566A87E787B41427184A607A&voteAnchorName=RGA601Y4XGDFT.2115.Helpful.Reviews&voteSessionID=277-7281789-8489225" title="Ja" class="a-button-text a-text-center" role="button">Ja </a></span></span><span class="a-button a-button-beside-text a-button-small noButton votingButtonReviews"><span class="a-button-inner"><a href="http://www.amazon.de/gp/voting/cast/Reviews/2115/RGA601Y4XGDFT/Helpful/-1/ref=cm_cr_dp_voteyn_no/277-7281789-8489225?ie=UTF8&target=aHR0cDovL3d3dy5hbWF6b24uZGUvZ3AvcHJvZHVjdC9CMDBCU05BQ0lJL3JlZj1jbV9jcl9kcHZvdGVyZHIvMjc3LTcyODE3ODktODQ4OTIyNT9pZT1VVEY4Jm09QTNKV0tBS1I4WEI3WEY&token=01FBFA94E27CE1C6E80074ACE32863F57D6710F1&voteAnchorName=RGA601Y4XGDFT.2115.Helpful.Reviews&voteSessionID=277-7281789-8489225" title="Nein" class="a-button-text a-text-center" role="button">Nein</a></span></span>
    </span>
  </span>
  <span class="a-hidden cr-vote-feedback">
    Feedback senden...
  </span>
  <div class="a-box a-alert-inline a-alert-inline-success a-hidden cr-vote-success"><div class="a-box-inner a-alert-container"><i class="a-icon a-icon-alert"></i><div class="a-alert-content">
	Vielen Dank für Ihr Feedback.
  </div></div></div>
  <div class="a-box a-alert-inline a-alert-inline-error a-hidden cr-vote-error"><div class="a-box-inner a-alert-container"><i class="a-icon a-icon-alert"></i><div class="a-alert-content">
    Wir konnten Ihre Stimmabgabe leider nicht speichern. Bitte erneut versuchen
  </div></div></div>
  <span class="a-letter-space"></span>
  <span class="a-color-base cr-vote-inapp">
    <a href="http://www.amazon.de/gp/voting/cast/Reviews/2115/RGA601Y4XGDFT/Inappropriate/1/ref=cm_cr_dp_abuse_voteyn/277-7281789-8489225?ie=UTF8&target=aHR0cDovL3d3dy5hbWF6b24uZGUvZ3AvcHJvZHVjdC9CMDBCU05BQ0lJL3JlZj1jbV9jcl9kcF9hYnVzZV92b3RlcmRyLzI3Ny03MjgxNzg5LTg0ODkyMjU_aWU9VVRGOCZtPUEzSldLQUtSOFhCN1hG&token=1CD78E96F143B0A11746604D08C5EDA82EB1E0BB&voteAnchorName=RGA601Y4XGDFT.2115.Inappropriate.Reviews&voteSessionID=277-7281789-8489225" >Missbrauch melden</a>
  </span>
</span>



</div>

<div id="rev-dpReviewsMostHelpfulAUI-R3IWZQAG5VVO4J" class="a-section celwidget"><div class="a-row a-spacing-micro"><div class="a-icon-row a-spacing-none"><a class="a-link-normal a-text-normal a-color-base" title="5.0 von 5 Sternen" href="http://www.amazon.de/review/R3IWZQAG5VVO4J/ref=cm_cr_dp_title/277-7281789-8489225?ie=UTF8&ASIN=B00BSNACII&channel=detail-glance&nodeID=340846031&store=grocery"><i class="a-icon a-icon-star a-star-5"><span class="a-icon-alt">5.0 von 5 Sternen</span></i></a><span class="a-letter-space"></span><a class="a-link-normal a-text-normal a-color-base" href="http://www.amazon.de/review/R3IWZQAG5VVO4J/ref=cm_cr_dp_title/277-7281789-8489225?ie=UTF8&ASIN=B00BSNACII&channel=detail-glance&nodeID=340846031&store=grocery"><span class="a-size-base a-text-bold">price is good and the quality is nice , it is cheap than China , will buy again if the px is suitable</span></a></div><span class="a-color-secondary">







  <span class="a-size-normal">
    <span class="a-color-secondary">
      Von
    </span>
    <a href="/gp/pdp/profile/A3AEIM5G622N9F/ref=cm_cr_dp_pdp/277-7281789-8489225" class="noTextDecoration">Amazon Kunde</a>
  </span>
<span class="a-color-secondary"> am 20. Mai 2016</span></span></div><div id="revData-dpReviewsMostHelpfulAUI-R3IWZQAG5VVO4J" class="a-row a-spacing-small"><span class="a-size-mini a-color-secondary">Größe: 4 x 600g<i class="a-icon a-icon-text-separator"></i></span><span class="a-size-mini a-color-state a-text-bold">
    Verifizierter Kauf
  </span>






<div class="a-section">
  price is good and the quality is nice , it is cheap than China , will buy again if the px is suitable
</div>

</div>









<a class="a-link-normal comment-link commentStripe" title="0" href="http://www.amazon.de/review/R3IWZQAG5VVO4J/ref=cm_cr_dp_cmt/277-7281789-8489225?ie=UTF8&ASIN=B00BSNACII&channel=detail-glance&nodeID=340846031&store=grocery#wasThisHelpful">Kommentar</a>
<i class="a-icon a-icon-text-separator commentStripe"></i>









<script type='text/javascript'>
  


  
P.when("A").execute(function(A) {
   
   function vote(event) {
     var root = A.$(event.data.rootComponentId);
     var target = event.$target;
     root.find(".cr-vote-buttons").addClass("a-hidden");
     root.find(".cr-vote-feedback").removeClass("a-hidden");
       
     A.get(target.attr("href") + "&type=json&_=" + (new Date()).getTime(),
     {
	   dataType: 'json',
	   ajaxTimeout: 10000,
	   success: function(data, textStatus){ 
         success(data, root, target);
       },
	   error: function(XMLHttpRequest, textStatus, errorThrown){
         error(root, target);
       }
	 });
     event.$event.preventDefault();

   }

   function isNoButton(target) {       
     return target.closest(".noButton").length > 0;
   }

   function success(data, root, target) {
       if (data.redirect == 1) {
	   window.location.href = target.attr("href");
       } else if (data.error == 1) {
	   error(root, target);
       } else {
	   root.find(".cr-vote-success").removeClass("a-hidden");	   
	   root.find(".cr-vote-feedback").addClass("a-hidden");
       }
   }

   function error(root, target) {
       root.find(".cr-vote-error").removeClass("a-hidden");	   
       root.find(".cr-vote-feedback").addClass("a-hidden");
   }

   A.declarative("cr-vote", ["click"], vote);
});


</script>

<a id="R3IWZQAG5VVO4J.2115.Helpful.Reviews"></a>
<span id="cr-vote-R3IWZQAG5VVO4J" class="votingStripe">
      <span class="cr-vote-buttons">
    War diese Rezension für Sie hilfreich?
    <span class="a-letter-space"></span>
    <span class="a-declarative" data-action="cr-vote" data-cr-vote="{&quot;rootComponentId&quot;:&quot;#cr-vote-R3IWZQAG5VVO4J&quot;,&quot;reviewId&quot;:&quot;R3IWZQAG5VVO4J&quot;}" style="display: inline">
      <span class="a-button a-button-beside-text a-button-small yesButton votingButtonReviews"><span class="a-button-inner"><a href="http://www.amazon.de/gp/voting/cast/Reviews/2115/R3IWZQAG5VVO4J/Helpful/1/ref=cm_cr_dp_voteyn_yes/277-7281789-8489225?ie=UTF8&target=aHR0cDovL3d3dy5hbWF6b24uZGUvZ3AvcHJvZHVjdC9CMDBCU05BQ0lJL3JlZj1jbV9jcl9kcHZvdGVyZHIvMjc3LTcyODE3ODktODQ4OTIyNT9pZT1VVEY4Jm09QTNKV0tBS1I4WEI3WEY&token=EE9F19CDD1E061823B138BB59C2D0636B299C6BF&voteAnchorName=R3IWZQAG5VVO4J.2115.Helpful.Reviews&voteSessionID=277-7281789-8489225" title="Ja" class="a-button-text a-text-center" role="button">Ja </a></span></span><span class="a-button a-button-beside-text a-button-small noButton votingButtonReviews"><span class="a-button-inner"><a href="http://www.amazon.de/gp/voting/cast/Reviews/2115/R3IWZQAG5VVO4J/Helpful/-1/ref=cm_cr_dp_voteyn_no/277-7281789-8489225?ie=UTF8&target=aHR0cDovL3d3dy5hbWF6b24uZGUvZ3AvcHJvZHVjdC9CMDBCU05BQ0lJL3JlZj1jbV9jcl9kcHZvdGVyZHIvMjc3LTcyODE3ODktODQ4OTIyNT9pZT1VVEY4Jm09QTNKV0tBS1I4WEI3WEY&token=4B6458EFF0AFA3E3A55F601FE18146228AA45DA8&voteAnchorName=R3IWZQAG5VVO4J.2115.Helpful.Reviews&voteSessionID=277-7281789-8489225" title="Nein" class="a-button-text a-text-center" role="button">Nein</a></span></span>
    </span>
  </span>
  <span class="a-hidden cr-vote-feedback">
    Feedback senden...
  </span>
  <div class="a-box a-alert-inline a-alert-inline-success a-hidden cr-vote-success"><div class="a-box-inner a-alert-container"><i class="a-icon a-icon-alert"></i><div class="a-alert-content">
	Vielen Dank für Ihr Feedback.
  </div></div></div>
  <div class="a-box a-alert-inline a-alert-inline-error a-hidden cr-vote-error"><div class="a-box-inner a-alert-container"><i class="a-icon a-icon-alert"></i><div class="a-alert-content">
    Wir konnten Ihre Stimmabgabe leider nicht speichern. Bitte erneut versuchen
  </div></div></div>
  <span class="a-letter-space"></span>
  <span class="a-color-base cr-vote-inapp">
    <a href="http://www.amazon.de/gp/voting/cast/Reviews/2115/R3IWZQAG5VVO4J/Inappropriate/1/ref=cm_cr_dp_abuse_voteyn/277-7281789-8489225?ie=UTF8&target=aHR0cDovL3d3dy5hbWF6b24uZGUvZ3AvcHJvZHVjdC9CMDBCU05BQ0lJL3JlZj1jbV9jcl9kcF9hYnVzZV92b3RlcmRyLzI3Ny03MjgxNzg5LTg0ODkyMjU_aWU9VVRGOCZtPUEzSldLQUtSOFhCN1hG&token=E035A911FB8A10ED3CFB4573AA7F56ECA64DAF83&voteAnchorName=R3IWZQAG5VVO4J.2115.Inappropriate.Reviews&voteSessionID=277-7281789-8489225" >Missbrauch melden</a>
  </span>
</span>



</div>

<div id="rev-dpReviewsMostHelpfulAUI-R8PL2ROM1VA4A" class="a-section celwidget"><div class="a-row a-spacing-micro"><div class="a-icon-row a-spacing-none"><a class="a-link-normal a-text-normal a-color-base" title="5.0 von 5 Sternen" href="http://www.amazon.de/review/R8PL2ROM1VA4A/ref=cm_cr_dp_title/277-7281789-8489225?ie=UTF8&ASIN=B00BSNACII&channel=detail-glance&nodeID=340846031&store=grocery"><i class="a-icon a-icon-star a-star-5"><span class="a-icon-alt">5.0 von 5 Sternen</span></i></a><span class="a-letter-space"></span><a class="a-link-normal a-text-normal a-color-base" href="http://www.amazon.de/review/R8PL2ROM1VA4A/ref=cm_cr_dp_title/277-7281789-8489225?ie=UTF8&ASIN=B00BSNACII&channel=detail-glance&nodeID=340846031&store=grocery"><span class="a-size-base a-text-bold">Aptamil Kindermilch 1+ ab 1 Jahr, 4er Pack (4... AptamilSehr gut</span></a></div><span class="a-color-secondary">







  <span class="a-size-normal">
    <span class="a-color-secondary">
      Von
    </span>
    <a href="/gp/pdp/profile/A2UO3288P59IUI/ref=cm_cr_dp_pdp/277-7281789-8489225" class="noTextDecoration">Amazon Kunde</a>
  </span>
<span class="a-color-secondary"> am 4. Dezember 2015</span></span></div><div id="revData-dpReviewsMostHelpfulAUI-R8PL2ROM1VA4A" class="a-row a-spacing-small"><span class="a-size-mini a-color-secondary">Größe: 4 x 600g<i class="a-icon a-icon-text-separator"></i></span><span class="a-size-mini a-color-state a-text-bold">
    Verifizierter Kauf
  </span>






<div class="a-section">
  Aptamil Kindermilch 1+ ab 1 Jahr, 4er Pack (4... AptamilSehr gut&#65292;<br>Das n&auml;chste mal Kommen.  5 von Aptamil Profutura 2 Folgemilch nach dem 6. Monat, 4er Pack (4 x 800 g)<br>Verkauf durch: Amazon EU S.a.r.L.
</div>

</div>









<a class="a-link-normal comment-link commentStripe" title="0" href="http://www.amazon.de/review/R8PL2ROM1VA4A/ref=cm_cr_dp_cmt/277-7281789-8489225?ie=UTF8&ASIN=B00BSNACII&channel=detail-glance&nodeID=340846031&store=grocery#wasThisHelpful">Kommentar</a>
<i class="a-icon a-icon-text-separator commentStripe"></i>









<script type='text/javascript'>
  


  
P.when("A").execute(function(A) {
   
   function vote(event) {
     var root = A.$(event.data.rootComponentId);
     var target = event.$target;
     root.find(".cr-vote-buttons").addClass("a-hidden");
     root.find(".cr-vote-feedback").removeClass("a-hidden");
       
     A.get(target.attr("href") + "&type=json&_=" + (new Date()).getTime(),
     {
	   dataType: 'json',
	   ajaxTimeout: 10000,
	   success: function(data, textStatus){ 
         success(data, root, target);
       },
	   error: function(XMLHttpRequest, textStatus, errorThrown){
         error(root, target);
       }
	 });
     event.$event.preventDefault();

   }

   function isNoButton(target) {       
     return target.closest(".noButton").length > 0;
   }

   function success(data, root, target) {
       if (data.redirect == 1) {
	   window.location.href = target.attr("href");
       } else if (data.error == 1) {
	   error(root, target);
       } else {
	   root.find(".cr-vote-success").removeClass("a-hidden");	   
	   root.find(".cr-vote-feedback").addClass("a-hidden");
       }
   }

   function error(root, target) {
       root.find(".cr-vote-error").removeClass("a-hidden");	   
       root.find(".cr-vote-feedback").addClass("a-hidden");
   }

   A.declarative("cr-vote", ["click"], vote);
});


</script>

<a id="R8PL2ROM1VA4A.2115.Helpful.Reviews"></a>
<span id="cr-vote-R8PL2ROM1VA4A" class="votingStripe">
      <span class="a-size-base a-color-secondary cr-vote-buttons">
    Eine Person fand diese Informationen hilfreich. War diese Rezension für Sie hilfreich?
    <span class="a-letter-space"></span>
    <span class="a-declarative" data-action="cr-vote" data-cr-vote="{&quot;rootComponentId&quot;:&quot;#cr-vote-R8PL2ROM1VA4A&quot;,&quot;reviewId&quot;:&quot;R8PL2ROM1VA4A&quot;}" style="display: inline">
      <span class="a-button a-button-beside-text a-button-small yesButton votingButtonReviews"><span class="a-button-inner"><a href="http://www.amazon.de/gp/voting/cast/Reviews/2115/R8PL2ROM1VA4A/Helpful/1/ref=cm_cr_dp_voteyn_yes/277-7281789-8489225?ie=UTF8&target=aHR0cDovL3d3dy5hbWF6b24uZGUvZ3AvcHJvZHVjdC9CMDBCU05BQ0lJL3JlZj1jbV9jcl9kcHZvdGVyZHIvMjc3LTcyODE3ODktODQ4OTIyNT9pZT1VVEY4Jm09QTNKV0tBS1I4WEI3WEY&token=287D013A46A48A691097E01DA8446BC525FC6CF5&voteAnchorName=R8PL2ROM1VA4A.2115.Helpful.Reviews&voteSessionID=277-7281789-8489225" title="Ja" class="a-button-text a-text-center" role="button">Ja </a></span></span><span class="a-button a-button-beside-text a-button-small noButton votingButtonReviews"><span class="a-button-inner"><a href="http://www.amazon.de/gp/voting/cast/Reviews/2115/R8PL2ROM1VA4A/Helpful/-1/ref=cm_cr_dp_voteyn_no/277-7281789-8489225?ie=UTF8&target=aHR0cDovL3d3dy5hbWF6b24uZGUvZ3AvcHJvZHVjdC9CMDBCU05BQ0lJL3JlZj1jbV9jcl9kcHZvdGVyZHIvMjc3LTcyODE3ODktODQ4OTIyNT9pZT1VVEY4Jm09QTNKV0tBS1I4WEI3WEY&token=6D891860809A6F0855A40D9E2AA97431130D8079&voteAnchorName=R8PL2ROM1VA4A.2115.Helpful.Reviews&voteSessionID=277-7281789-8489225" title="Nein" class="a-button-text a-text-center" role="button">Nein</a></span></span>
    </span>
  </span>
  <span class="a-hidden cr-vote-feedback">
    Feedback senden...
  </span>
  <div class="a-box a-alert-inline a-alert-inline-success a-hidden cr-vote-success"><div class="a-box-inner a-alert-container"><i class="a-icon a-icon-alert"></i><div class="a-alert-content">
	Vielen Dank für Ihr Feedback.
  </div></div></div>
  <div class="a-box a-alert-inline a-alert-inline-error a-hidden cr-vote-error"><div class="a-box-inner a-alert-container"><i class="a-icon a-icon-alert"></i><div class="a-alert-content">
    Wir konnten Ihre Stimmabgabe leider nicht speichern. Bitte erneut versuchen
  </div></div></div>
  <span class="a-letter-space"></span>
  <span class="a-color-base cr-vote-inapp">
    <a href="http://www.amazon.de/gp/voting/cast/Reviews/2115/R8PL2ROM1VA4A/Inappropriate/1/ref=cm_cr_dp_abuse_voteyn/277-7281789-8489225?ie=UTF8&target=aHR0cDovL3d3dy5hbWF6b24uZGUvZ3AvcHJvZHVjdC9CMDBCU05BQ0lJL3JlZj1jbV9jcl9kcF9hYnVzZV92b3RlcmRyLzI3Ny03MjgxNzg5LTg0ODkyMjU_aWU9VVRGOCZtPUEzSldLQUtSOFhCN1hG&token=B2275D82BDD6E715E2B363DF894CC95E45E69F24&voteAnchorName=R8PL2ROM1VA4A.2115.Inappropriate.Reviews&voteSessionID=277-7281789-8489225" >Missbrauch melden</a>
  </span>
</span>



</div>

<div id="rev-dpReviewsMostHelpfulAUI-R5Z3YHXQ460VW" class="a-section celwidget"><div class="a-row a-spacing-micro"><div class="a-icon-row a-spacing-none"><a class="a-link-normal a-text-normal a-color-base" title="4.0 von 5 Sternen" href="http://www.amazon.de/review/R5Z3YHXQ460VW/ref=cm_cr_dp_title/277-7281789-8489225?ie=UTF8&ASIN=B00BSNACII&channel=detail-glance&nodeID=340846031&store=grocery"><i class="a-icon a-icon-star a-star-4"><span class="a-icon-alt">4.0 von 5 Sternen</span></i></a><span class="a-letter-space"></span><a class="a-link-normal a-text-normal a-color-base" href="http://www.amazon.de/review/R5Z3YHXQ460VW/ref=cm_cr_dp_title/277-7281789-8489225?ie=UTF8&ASIN=B00BSNACII&channel=detail-glance&nodeID=340846031&store=grocery"><span class="a-size-base a-text-bold">sehr gut aptamail</span></a></div><span class="a-color-secondary">







  <span class="a-size-normal">
    <span class="a-color-secondary">
      Von
    </span>
    <a href="/gp/pdp/profile/A1F0D918CZ5YKK/ref=cm_cr_dp_pdp/277-7281789-8489225" class="noTextDecoration">Amazon Kunde</a>
  </span>
<span class="a-color-secondary"> am 14. Dezember 2015</span></span></div><div id="revData-dpReviewsMostHelpfulAUI-R5Z3YHXQ460VW" class="a-row a-spacing-small"><span class="a-size-mini a-color-secondary">Größe: 4 x 600g<i class="a-icon a-icon-text-separator"></i></span><span class="a-size-mini a-color-state a-text-bold">
    Verifizierter Kauf
  </span>






<div class="a-section">
  Es ist sehr gut. Und gef&auml;llt es mir sehr gern. wird ich noch mal kaufen.<br><br>Ich werde immer kaufen.Achten Sie auf eine gute Baby .sieht gut aus.Ich werde meine Freunde vorstellen, um zusammen zu kaufen.
</div>

</div>









<a class="a-link-normal comment-link commentStripe" title="0" href="http://www.amazon.de/review/R5Z3YHXQ460VW/ref=cm_cr_dp_cmt/277-7281789-8489225?ie=UTF8&ASIN=B00BSNACII&channel=detail-glance&nodeID=340846031&store=grocery#wasThisHelpful">Kommentar</a>
<i class="a-icon a-icon-text-separator commentStripe"></i>









<script type='text/javascript'>
  


  
P.when("A").execute(function(A) {
   
   function vote(event) {
     var root = A.$(event.data.rootComponentId);
     var target = event.$target;
     root.find(".cr-vote-buttons").addClass("a-hidden");
     root.find(".cr-vote-feedback").removeClass("a-hidden");
       
     A.get(target.attr("href") + "&type=json&_=" + (new Date()).getTime(),
     {
	   dataType: 'json',
	   ajaxTimeout: 10000,
	   success: function(data, textStatus){ 
         success(data, root, target);
       },
	   error: function(XMLHttpRequest, textStatus, errorThrown){
         error(root, target);
       }
	 });
     event.$event.preventDefault();

   }

   function isNoButton(target) {       
     return target.closest(".noButton").length > 0;
   }

   function success(data, root, target) {
       if (data.redirect == 1) {
	   window.location.href = target.attr("href");
       } else if (data.error == 1) {
	   error(root, target);
       } else {
	   root.find(".cr-vote-success").removeClass("a-hidden");	   
	   root.find(".cr-vote-feedback").addClass("a-hidden");
       }
   }

   function error(root, target) {
       root.find(".cr-vote-error").removeClass("a-hidden");	   
       root.find(".cr-vote-feedback").addClass("a-hidden");
   }

   A.declarative("cr-vote", ["click"], vote);
});


</script>

<a id="R5Z3YHXQ460VW.2115.Helpful.Reviews"></a>
<span id="cr-vote-R5Z3YHXQ460VW" class="votingStripe">
      <span class="cr-vote-buttons">
    War diese Rezension für Sie hilfreich?
    <span class="a-letter-space"></span>
    <span class="a-declarative" data-action="cr-vote" data-cr-vote="{&quot;rootComponentId&quot;:&quot;#cr-vote-R5Z3YHXQ460VW&quot;,&quot;reviewId&quot;:&quot;R5Z3YHXQ460VW&quot;}" style="display: inline">
      <span class="a-button a-button-beside-text a-button-small yesButton votingButtonReviews"><span class="a-button-inner"><a href="http://www.amazon.de/gp/voting/cast/Reviews/2115/R5Z3YHXQ460VW/Helpful/1/ref=cm_cr_dp_voteyn_yes/277-7281789-8489225?ie=UTF8&target=aHR0cDovL3d3dy5hbWF6b24uZGUvZ3AvcHJvZHVjdC9CMDBCU05BQ0lJL3JlZj1jbV9jcl9kcHZvdGVyZHIvMjc3LTcyODE3ODktODQ4OTIyNT9pZT1VVEY4Jm09QTNKV0tBS1I4WEI3WEY&token=EA2245537EC17E342132D97EE7B41C39A1FE3D8B&voteAnchorName=R5Z3YHXQ460VW.2115.Helpful.Reviews&voteSessionID=277-7281789-8489225" title="Ja" class="a-button-text a-text-center" role="button">Ja </a></span></span><span class="a-button a-button-beside-text a-button-small noButton votingButtonReviews"><span class="a-button-inner"><a href="http://www.amazon.de/gp/voting/cast/Reviews/2115/R5Z3YHXQ460VW/Helpful/-1/ref=cm_cr_dp_voteyn_no/277-7281789-8489225?ie=UTF8&target=aHR0cDovL3d3dy5hbWF6b24uZGUvZ3AvcHJvZHVjdC9CMDBCU05BQ0lJL3JlZj1jbV9jcl9kcHZvdGVyZHIvMjc3LTcyODE3ODktODQ4OTIyNT9pZT1VVEY4Jm09QTNKV0tBS1I4WEI3WEY&token=CD38B7383E8746D0486F4BE004BB52D156002C9B&voteAnchorName=R5Z3YHXQ460VW.2115.Helpful.Reviews&voteSessionID=277-7281789-8489225" title="Nein" class="a-button-text a-text-center" role="button">Nein</a></span></span>
    </span>
  </span>
  <span class="a-hidden cr-vote-feedback">
    Feedback senden...
  </span>
  <div class="a-box a-alert-inline a-alert-inline-success a-hidden cr-vote-success"><div class="a-box-inner a-alert-container"><i class="a-icon a-icon-alert"></i><div class="a-alert-content">
	Vielen Dank für Ihr Feedback.
  </div></div></div>
  <div class="a-box a-alert-inline a-alert-inline-error a-hidden cr-vote-error"><div class="a-box-inner a-alert-container"><i class="a-icon a-icon-alert"></i><div class="a-alert-content">
    Wir konnten Ihre Stimmabgabe leider nicht speichern. Bitte erneut versuchen
  </div></div></div>
  <span class="a-letter-space"></span>
  <span class="a-color-base cr-vote-inapp">
    <a href="http://www.amazon.de/gp/voting/cast/Reviews/2115/R5Z3YHXQ460VW/Inappropriate/1/ref=cm_cr_dp_abuse_voteyn/277-7281789-8489225?ie=UTF8&target=aHR0cDovL3d3dy5hbWF6b24uZGUvZ3AvcHJvZHVjdC9CMDBCU05BQ0lJL3JlZj1jbV9jcl9kcF9hYnVzZV92b3RlcmRyLzI3Ny03MjgxNzg5LTg0ODkyMjU_aWU9VVRGOCZtPUEzSldLQUtSOFhCN1hG&token=0CEFA3E2BADCEB21E753776BF3ACE870DC9DBA46&voteAnchorName=R5Z3YHXQ460VW.2115.Inappropriate.Reviews&voteSessionID=277-7281789-8489225" >Missbrauch melden</a>
  </span>
</span>



</div>

<div id="rev-dpReviewsMostHelpfulAUI-R2QYNA8DRY1Q0W" class="a-section celwidget"><div class="a-row a-spacing-micro"><div class="a-icon-row a-spacing-none"><a class="a-link-normal a-text-normal a-color-base" title="5.0 von 5 Sternen" href="http://www.amazon.de/review/R2QYNA8DRY1Q0W/ref=cm_cr_dp_title/277-7281789-8489225?ie=UTF8&ASIN=B00BSNACII&channel=detail-glance&nodeID=340846031&store=grocery"><i class="a-icon a-icon-star a-star-5"><span class="a-icon-alt">5.0 von 5 Sternen</span></i></a><span class="a-letter-space"></span><a class="a-link-normal a-text-normal a-color-base" href="http://www.amazon.de/review/R2QYNA8DRY1Q0W/ref=cm_cr_dp_title/277-7281789-8489225?ie=UTF8&ASIN=B00BSNACII&channel=detail-glance&nodeID=340846031&store=grocery"><span class="a-size-base a-text-bold">Milchpulver</span></a></div><span class="a-color-secondary">







  <span class="a-size-normal">
    <span class="a-color-secondary">
      Von
    </span>
    <a href="/gp/pdp/profile/A9FAW8Q7S1H7D/ref=cm_cr_dp_pdp/277-7281789-8489225" class="noTextDecoration">Amazon Kunde</a>
  </span>
<span class="a-color-secondary"> am 4. Januar 2016</span></span></div><div id="revData-dpReviewsMostHelpfulAUI-R2QYNA8DRY1Q0W" class="a-row a-spacing-small"><span class="a-size-mini a-color-secondary">Größe: 4 x 600g<i class="a-icon a-icon-text-separator"></i></span><span class="a-size-mini a-color-state a-text-bold">
    Verifizierter Kauf
  </span>






<div class="a-section">
  Tut Mir leid! Ich kann Kein Deutsch, einfach Wie folgt beschrieben,Die Geschwindigkeit der Logistik zu zwingen, Baby genie&szlig;en.Sehr gut Sehr gut Sehr gut Ich werde auch weiterhin den Kauf.
</div>

</div>









<a class="a-link-normal comment-link commentStripe" title="0" href="http://www.amazon.de/review/R2QYNA8DRY1Q0W/ref=cm_cr_dp_cmt/277-7281789-8489225?ie=UTF8&ASIN=B00BSNACII&channel=detail-glance&nodeID=340846031&store=grocery#wasThisHelpful">Kommentar</a>
<i class="a-icon a-icon-text-separator commentStripe"></i>









<script type='text/javascript'>
  


  
P.when("A").execute(function(A) {
   
   function vote(event) {
     var root = A.$(event.data.rootComponentId);
     var target = event.$target;
     root.find(".cr-vote-buttons").addClass("a-hidden");
     root.find(".cr-vote-feedback").removeClass("a-hidden");
       
     A.get(target.attr("href") + "&type=json&_=" + (new Date()).getTime(),
     {
	   dataType: 'json',
	   ajaxTimeout: 10000,
	   success: function(data, textStatus){ 
         success(data, root, target);
       },
	   error: function(XMLHttpRequest, textStatus, errorThrown){
         error(root, target);
       }
	 });
     event.$event.preventDefault();

   }

   function isNoButton(target) {       
     return target.closest(".noButton").length > 0;
   }

   function success(data, root, target) {
       if (data.redirect == 1) {
	   window.location.href = target.attr("href");
       } else if (data.error == 1) {
	   error(root, target);
       } else {
	   root.find(".cr-vote-success").removeClass("a-hidden");	   
	   root.find(".cr-vote-feedback").addClass("a-hidden");
       }
   }

   function error(root, target) {
       root.find(".cr-vote-error").removeClass("a-hidden");	   
       root.find(".cr-vote-feedback").addClass("a-hidden");
   }

   A.declarative("cr-vote", ["click"], vote);
});


</script>

<a id="R2QYNA8DRY1Q0W.2115.Helpful.Reviews"></a>
<span id="cr-vote-R2QYNA8DRY1Q0W" class="votingStripe">
      <span class="cr-vote-buttons">
    War diese Rezension für Sie hilfreich?
    <span class="a-letter-space"></span>
    <span class="a-declarative" data-action="cr-vote" data-cr-vote="{&quot;rootComponentId&quot;:&quot;#cr-vote-R2QYNA8DRY1Q0W&quot;,&quot;reviewId&quot;:&quot;R2QYNA8DRY1Q0W&quot;}" style="display: inline">
      <span class="a-button a-button-beside-text a-button-small yesButton votingButtonReviews"><span class="a-button-inner"><a href="http://www.amazon.de/gp/voting/cast/Reviews/2115/R2QYNA8DRY1Q0W/Helpful/1/ref=cm_cr_dp_voteyn_yes/277-7281789-8489225?ie=UTF8&target=aHR0cDovL3d3dy5hbWF6b24uZGUvZ3AvcHJvZHVjdC9CMDBCU05BQ0lJL3JlZj1jbV9jcl9kcHZvdGVyZHIvMjc3LTcyODE3ODktODQ4OTIyNT9pZT1VVEY4Jm09QTNKV0tBS1I4WEI3WEY&token=8E42C8E5E061CC050ACA5EA964D87BDD6B36418D&voteAnchorName=R2QYNA8DRY1Q0W.2115.Helpful.Reviews&voteSessionID=277-7281789-8489225" title="Ja" class="a-button-text a-text-center" role="button">Ja </a></span></span><span class="a-button a-button-beside-text a-button-small noButton votingButtonReviews"><span class="a-button-inner"><a href="http://www.amazon.de/gp/voting/cast/Reviews/2115/R2QYNA8DRY1Q0W/Helpful/-1/ref=cm_cr_dp_voteyn_no/277-7281789-8489225?ie=UTF8&target=aHR0cDovL3d3dy5hbWF6b24uZGUvZ3AvcHJvZHVjdC9CMDBCU05BQ0lJL3JlZj1jbV9jcl9kcHZvdGVyZHIvMjc3LTcyODE3ODktODQ4OTIyNT9pZT1VVEY4Jm09QTNKV0tBS1I4WEI3WEY&token=DE929E08F732902F9E545FCA367D57963DEF2DC2&voteAnchorName=R2QYNA8DRY1Q0W.2115.Helpful.Reviews&voteSessionID=277-7281789-8489225" title="Nein" class="a-button-text a-text-center" role="button">Nein</a></span></span>
    </span>
  </span>
  <span class="a-hidden cr-vote-feedback">
    Feedback senden...
  </span>
  <div class="a-box a-alert-inline a-alert-inline-success a-hidden cr-vote-success"><div class="a-box-inner a-alert-container"><i class="a-icon a-icon-alert"></i><div class="a-alert-content">
	Vielen Dank für Ihr Feedback.
  </div></div></div>
  <div class="a-box a-alert-inline a-alert-inline-error a-hidden cr-vote-error"><div class="a-box-inner a-alert-container"><i class="a-icon a-icon-alert"></i><div class="a-alert-content">
    Wir konnten Ihre Stimmabgabe leider nicht speichern. Bitte erneut versuchen
  </div></div></div>
  <span class="a-letter-space"></span>
  <span class="a-color-base cr-vote-inapp">
    <a href="http://www.amazon.de/gp/voting/cast/Reviews/2115/R2QYNA8DRY1Q0W/Inappropriate/1/ref=cm_cr_dp_abuse_voteyn/277-7281789-8489225?ie=UTF8&target=aHR0cDovL3d3dy5hbWF6b24uZGUvZ3AvcHJvZHVjdC9CMDBCU05BQ0lJL3JlZj1jbV9jcl9kcF9hYnVzZV92b3RlcmRyLzI3Ny03MjgxNzg5LTg0ODkyMjU_aWU9VVRGOCZtPUEzSldLQUtSOFhCN1hG&token=734BBA8DDDD67C88C4A627AFA6CBA33CD52EA694&voteAnchorName=R2QYNA8DRY1Q0W.2115.Inappropriate.Reviews&voteSessionID=277-7281789-8489225" >Missbrauch melden</a>
  </span>
</span>



</div>

<div id="rev-dpReviewsMostHelpfulAUI-R1VA72RCM3L4WE" class="a-section celwidget"><div class="a-row a-spacing-micro"><div class="a-icon-row a-spacing-none"><a class="a-link-normal a-text-normal a-color-base" title="5.0 von 5 Sternen" href="http://www.amazon.de/review/R1VA72RCM3L4WE/ref=cm_cr_dp_title/277-7281789-8489225?ie=UTF8&ASIN=B00BSNACII&channel=detail-glance&nodeID=340846031&store=grocery"><i class="a-icon a-icon-star a-star-5"><span class="a-icon-alt">5.0 von 5 Sternen</span></i></a><span class="a-letter-space"></span><a class="a-link-normal a-text-normal a-color-base" href="http://www.amazon.de/review/R1VA72RCM3L4WE/ref=cm_cr_dp_title/277-7281789-8489225?ie=UTF8&ASIN=B00BSNACII&channel=detail-glance&nodeID=340846031&store=grocery"><span class="a-size-base a-text-bold">liebt</span></a></div><span class="a-color-secondary">







  <span class="a-size-normal">
    <span class="a-color-secondary">
      Von
    </span>
    <a href="/gp/pdp/profile/A19MQCKV7NPPOX/ref=cm_cr_dp_pdp/277-7281789-8489225" class="noTextDecoration">Amazon Customer</a>
  </span>
<span class="a-color-secondary"> am 21. Dezember 2015</span></span></div><div id="revData-dpReviewsMostHelpfulAUI-R1VA72RCM3L4WE" class="a-row a-spacing-small"><span class="a-size-mini a-color-secondary">Größe: 4 x 600g<i class="a-icon a-icon-text-separator"></i></span><span class="a-size-mini a-color-state a-text-bold">
    Verifizierter Kauf
  </span>






<div class="a-section">
  Wenn mein Baby braucht Essen, milchpulver, wenn Freunde Mir empfohlen, APTAMIL f&uuml;r baby - milchpulver kaufen, baby liebt, m&ouml;chte Ich auch an meine Freunde empfehlen, das milchpulver.
</div>

</div>









<a class="a-link-normal comment-link commentStripe" title="0" href="http://www.amazon.de/review/R1VA72RCM3L4WE/ref=cm_cr_dp_cmt/277-7281789-8489225?ie=UTF8&ASIN=B00BSNACII&channel=detail-glance&nodeID=340846031&store=grocery#wasThisHelpful">Kommentar</a>
<i class="a-icon a-icon-text-separator commentStripe"></i>









<script type='text/javascript'>
  


  
P.when("A").execute(function(A) {
   
   function vote(event) {
     var root = A.$(event.data.rootComponentId);
     var target = event.$target;
     root.find(".cr-vote-buttons").addClass("a-hidden");
     root.find(".cr-vote-feedback").removeClass("a-hidden");
       
     A.get(target.attr("href") + "&type=json&_=" + (new Date()).getTime(),
     {
	   dataType: 'json',
	   ajaxTimeout: 10000,
	   success: function(data, textStatus){ 
         success(data, root, target);
       },
	   error: function(XMLHttpRequest, textStatus, errorThrown){
         error(root, target);
       }
	 });
     event.$event.preventDefault();

   }

   function isNoButton(target) {       
     return target.closest(".noButton").length > 0;
   }

   function success(data, root, target) {
       if (data.redirect == 1) {
	   window.location.href = target.attr("href");
       } else if (data.error == 1) {
	   error(root, target);
       } else {
	   root.find(".cr-vote-success").removeClass("a-hidden");	   
	   root.find(".cr-vote-feedback").addClass("a-hidden");
       }
   }

   function error(root, target) {
       root.find(".cr-vote-error").removeClass("a-hidden");	   
       root.find(".cr-vote-feedback").addClass("a-hidden");
   }

   A.declarative("cr-vote", ["click"], vote);
});


</script>

<a id="R1VA72RCM3L4WE.2115.Helpful.Reviews"></a>
<span id="cr-vote-R1VA72RCM3L4WE" class="votingStripe">
      <span class="cr-vote-buttons">
    War diese Rezension für Sie hilfreich?
    <span class="a-letter-space"></span>
    <span class="a-declarative" data-action="cr-vote" data-cr-vote="{&quot;rootComponentId&quot;:&quot;#cr-vote-R1VA72RCM3L4WE&quot;,&quot;reviewId&quot;:&quot;R1VA72RCM3L4WE&quot;}" style="display: inline">
      <span class="a-button a-button-beside-text a-button-small yesButton votingButtonReviews"><span class="a-button-inner"><a href="http://www.amazon.de/gp/voting/cast/Reviews/2115/R1VA72RCM3L4WE/Helpful/1/ref=cm_cr_dp_voteyn_yes/277-7281789-8489225?ie=UTF8&target=aHR0cDovL3d3dy5hbWF6b24uZGUvZ3AvcHJvZHVjdC9CMDBCU05BQ0lJL3JlZj1jbV9jcl9kcHZvdGVyZHIvMjc3LTcyODE3ODktODQ4OTIyNT9pZT1VVEY4Jm09QTNKV0tBS1I4WEI3WEY&token=64FF81D71BF4E37851D2F874C05BEA71F96965FF&voteAnchorName=R1VA72RCM3L4WE.2115.Helpful.Reviews&voteSessionID=277-7281789-8489225" title="Ja" class="a-button-text a-text-center" role="button">Ja </a></span></span><span class="a-button a-button-beside-text a-button-small noButton votingButtonReviews"><span class="a-button-inner"><a href="http://www.amazon.de/gp/voting/cast/Reviews/2115/R1VA72RCM3L4WE/Helpful/-1/ref=cm_cr_dp_voteyn_no/277-7281789-8489225?ie=UTF8&target=aHR0cDovL3d3dy5hbWF6b24uZGUvZ3AvcHJvZHVjdC9CMDBCU05BQ0lJL3JlZj1jbV9jcl9kcHZvdGVyZHIvMjc3LTcyODE3ODktODQ4OTIyNT9pZT1VVEY4Jm09QTNKV0tBS1I4WEI3WEY&token=0816D53C892E01AA26BD1369FEAE2A2ACD3008F5&voteAnchorName=R1VA72RCM3L4WE.2115.Helpful.Reviews&voteSessionID=277-7281789-8489225" title="Nein" class="a-button-text a-text-center" role="button">Nein</a></span></span>
    </span>
  </span>
  <span class="a-hidden cr-vote-feedback">
    Feedback senden...
  </span>
  <div class="a-box a-alert-inline a-alert-inline-success a-hidden cr-vote-success"><div class="a-box-inner a-alert-container"><i class="a-icon a-icon-alert"></i><div class="a-alert-content">
	Vielen Dank für Ihr Feedback.
  </div></div></div>
  <div class="a-box a-alert-inline a-alert-inline-error a-hidden cr-vote-error"><div class="a-box-inner a-alert-container"><i class="a-icon a-icon-alert"></i><div class="a-alert-content">
    Wir konnten Ihre Stimmabgabe leider nicht speichern. Bitte erneut versuchen
  </div></div></div>
  <span class="a-letter-space"></span>
  <span class="a-color-base cr-vote-inapp">
    <a href="http://www.amazon.de/gp/voting/cast/Reviews/2115/R1VA72RCM3L4WE/Inappropriate/1/ref=cm_cr_dp_abuse_voteyn/277-7281789-8489225?ie=UTF8&target=aHR0cDovL3d3dy5hbWF6b24uZGUvZ3AvcHJvZHVjdC9CMDBCU05BQ0lJL3JlZj1jbV9jcl9kcF9hYnVzZV92b3RlcmRyLzI3Ny03MjgxNzg5LTg0ODkyMjU_aWU9VVRGOCZtPUEzSldLQUtSOFhCN1hG&token=C195DC354BB2128C48B8A3532D90D18E7EB6FC3A&voteAnchorName=R1VA72RCM3L4WE.2115.Inappropriate.Reviews&voteSessionID=277-7281789-8489225" >Missbrauch melden</a>
  </span>
</span>



</div>


<script type="text/javascript">
  

  
P.when("A", "ready").execute(function(A){
  // we want to be able to query the count of this widget being loaded with PMET.
  if(ue && ue.count) {
      ue.count("dp-scroll-down-to-reviews-widget", 0);
  }
  
  var triggered = 0;
  var reviewsSection = A.$("#cm_cr_dpwidget");  
  onScreenTriggerMethod();
  A.on.scroll(onScreenTriggerMethod);
  
  function onScreenTriggerMethod(){
    if (!triggered && A.onScreen(reviewsSection)) {
      triggered = 1;
      
      // we want to be able to query the count of this widget being on screen with PMET.
      if(ue && ue.count) {
          ue.count("dp-scroll-down-to-reviews-widget", 1);
      }

      A.post('/gp/customer-reviews/aj/customer/ranking-trigger', {
          success: function(data){
          },
 
          error: function(data){
          },

          params: {
            csrfT: '0.711631541462516;1464075794;382ae8ed14a7c1eb3188d1a83edfd6b2b827ae2f022be3e6686ef6f9b01f0386',
            requestId: '0K8TTEBZSQ1S50KDN22N',
            sessionId: '277-7281789-8489225',
            weblabID: ''
          }
      });
    }
  }

});

</script>








</div>


          </div>
        </div>
      </div>
      
      <div id="revF" class="a-section a-padding-small">
        





  <div class="a-row a-spacing-large">
    <a class="a-link-emphasis a-text-bold" href="http://www.amazon.de/product-reviews/B00BSNACII/ref=cm_cr_dp_see_all_btm/277-7281789-8489225?ie=UTF8&showViewpoints=1&sortBy=recent">
      Alle 31 Kundenrezensionen anzeigen (neueste zuerst)
    </a>
  </div>
    <span class="a-button a-button-width-normal"><span class="a-button-inner"><a href="http://www.amazon.de/review/create-review/ref=cm_cr_dp_wrt_btm/277-7281789-8489225?ie=UTF8&asin=B00BSNACII&channel=detail-glance&nodeID=340846031&store=grocery" title="Kundenrezension verfassen" class="a-button-text" role="button">
      Kundenrezension verfassen
  </a></span></span>


      </div>

      
      <div id="revOH" class="a-section a-padding-small">
        
      </div>
    </div>

    <div id="revMRLContainer" class="a-column a-span4 a-span-last">

      





<link rel="stylesheet" href="http://z-ecx.images-amazon.com/images/G/01/AUIClients/ReviewsLightbox-f8642c2ff3c686297eeeaf2faf790bf1ce5ce9c2._V2_.css#AUIClients/ReviewsLightbox.min" />
<script>
  (window.AmazonUIPageJS ? AmazonUIPageJS : P).load.js('http://z-ecx.images-amazon.com/images/G/01/AUIClients/ReviewsLightbox-83a550909b6c236f7d3a94c84cfc627d64dcfb2e._V2_.js#AUIClients/ReviewsLightbox.min');
</script>









<style>
    
    
    #DP_IMAGE_GALLERY_BUTTON_CONTAINER .image-thumbnails {
        width: 22.5%;  
        height: auto;                       
        padding: 11.25%; 
        margin-right: 1.25%; 
        display: inline-block;
        background-position: center;
        background-size:cover;
        cursor: pointer;
    }
    
    #DP_IMAGE_GALLERY_BUTTON_CONTAINER .gallery-link {
        cursor: pointer;
    }
</style>
    
<div id="DP_IMAGE_GALLERY_BUTTON_CONTAINER" style="margin-botton:5px;">  
    <h3 class="a-spacing-small"> 
       Kundenbilder
    </h3>
    <div style="text-align:left;padding-bottom:20px;">
        <div class="a-section a-spacing-none image-thumbnails-section">
                <div class="image-thumbnails" style="background-image:url('http://ecx.images-amazon.com/images/I/61c2gCq1lqL._SY128_.jpg');">
                </div>
                <div class="image-thumbnails" style="background-image:url('http://ecx.images-amazon.com/images/I/51HZoRRf0wL._SY128_.jpg');">
                </div>
                <div class="image-thumbnails" style="background-image:url('http://ecx.images-amazon.com/images/I/51LzZBxCBhL._SY128_.jpg');">
                </div>
        </div>    

    </div>
    <div style="display:none;">
        <span class="a-declarative" data-action="a-modal" data-a-modal="{&quot;inlineContent&quot;:&quot;\n&lt;div class=\&quot;reviewLightboxPopoverContainer\&quot;&gt;\n    &lt;div class=\&quot;reviewsLightbox\&quot; id=\&quot;DP_IMAGE_GALLERY_BUTTON\&quot;&gt;&lt;/div&gt;\n    &lt;script&gt;\n            var reviewsLightbox = new ReviewsLightbox(\&quot;DP_IMAGE_GALLERY_BUTTON\&quot;, \&quot;DESKTOP\&quot;);\n            reviewsLightbox.initializeForAsin(\&quot;B00BSNACII\&quot;); \n    &lt;/script&gt; \n&lt;/div&gt;\n&quot;}">
            <a href="javascript:void(0)" class="a-popover-trigger a-declarative">
            <i class="a-icon a-icon-popover"></i></a>
        </span>
    </div>
</div>




<script>
    P.when("jQuery").execute(function(jQuery) { 
        P.when("reviewsLightbox-js").execute(function() {
            jQuery("#DP_IMAGE_GALLERY_BUTTON_CONTAINER").find(".gallery-link").bind("click", function() {
                jQuery("#DP_IMAGE_GALLERY_BUTTON_CONTAINER").find(".a-popover-trigger").click();  
                P.when("reviewsLightbox-ready-DP_IMAGE_GALLERY_BUTTON").execute(function() {
                    jQuery("#DP_IMAGE_GALLERY_BUTTON").trigger("hideImmersiveView");
                });
            });
            
            jQuery("#DP_IMAGE_GALLERY_BUTTON_CONTAINER").find(".image-thumbnails").each(function(index) {
                jQuery(this).bind("click", function() {
                    jQuery("#DP_IMAGE_GALLERY_BUTTON_CONTAINER").find(".a-popover-trigger").click();  
                    P.when("reviewsLightbox-ready-DP_IMAGE_GALLERY_BUTTON").execute(function() {
                        jQuery("#DP_IMAGE_GALLERY_BUTTON").trigger("jumpToImageAtIndex", index);
                    });
                });
            });
        });
    });
</script>







      

      <div id="revMostRecent" class="a-section">
        





<div id="revMRRL" class="a-section">
  <h3 id="revMRT" class="a-spacing-small">
    Die neuesten Kundenrezensionen
  </h3> 
  


<div class="a-row a-spacing-base"><div class="a-icon-row a-spacing-none"><a class="a-link-normal a-text-normal" title="5.0 von 5 Sternen" href="http://www.amazon.de/product-reviews/B00BSNACII/ref=cm_cr_dp_synop/277-7281789-8489225?ie=UTF8&showViewpoints=0&sortBy=recent#R3JSYSMIDCTFUR"><i class="a-icon a-icon-star a-star-5"><span class="a-icon-alt">5.0 von 5 Sternen</span></i></a><span class="a-letter-space"></span><a class="a-link-normal a-text-normal a-color-base" title="Vollst&auml;ndige Rezension von Amazon Kunde lesen" href="http://www.amazon.de/product-reviews/B00BSNACII/ref=cm_cr_dp_synop/277-7281789-8489225?ie=UTF8&showViewpoints=0&sortBy=recent#R3JSYSMIDCTFUR"><span class="a-size-base a-text-bold">Aptamil 1 plus</span></a></div><a class="a-link-normal a-text-normal" title="Vollst&auml;ndige Rezension von Amazon Kunde lesen" href="http://www.amazon.de/product-reviews/B00BSNACII/ref=cm_cr_dp_synop/277-7281789-8489225?ie=UTF8&showViewpoints=0&sortBy=recent#R3JSYSMIDCTFUR">



  <p class="a-last">
    <span class="a-color-base">
      Good quality but low price and production date also is nearest by Amazon offer,if there is more stocks will be better.
    </span> 
    
  </p> 









<span class="a-size-small a-color-secondary">
  Vor 1 Monat von Amazon Kunde veröffentlicht
</span>
</a></div>
<div class="a-row a-spacing-base"><div class="a-icon-row a-spacing-none"><a class="a-link-normal a-text-normal" title="5.0 von 5 Sternen" href="http://www.amazon.de/product-reviews/B00BSNACII/ref=cm_cr_dp_synop/277-7281789-8489225?ie=UTF8&showViewpoints=0&sortBy=recent#R22UJ5M2KQC6T8"><i class="a-icon a-icon-star a-star-5"><span class="a-icon-alt">5.0 von 5 Sternen</span></i></a><span class="a-letter-space"></span><a class="a-link-normal a-text-normal a-color-base" title="Vollst&auml;ndige Rezension von Amazon Customer lesen" href="http://www.amazon.de/product-reviews/B00BSNACII/ref=cm_cr_dp_synop/277-7281789-8489225?ie=UTF8&showViewpoints=0&sortBy=recent#R22UJ5M2KQC6T8"><span class="a-size-base a-text-bold">Suitable milks for my baby</span></a></div><a class="a-link-normal a-text-normal" title="Vollst&auml;ndige Rezension von Amazon Customer lesen" href="http://www.amazon.de/product-reviews/B00BSNACII/ref=cm_cr_dp_synop/277-7281789-8489225?ie=UTF8&showViewpoints=0&sortBy=recent#R22UJ5M2KQC6T8">



  <p class="a-last">
    <span class="a-color-base">
      The nutrition of this formula is suitable for my babys,but there are property-purchasing limitations in this products.I would purchase this next times!
    </span> 
    
  </p> 









<span class="a-size-small a-color-secondary">
  Vor 1 Monat von Amazon Customer veröffentlicht
</span>
</a></div>
<div class="a-row a-spacing-base"><div class="a-icon-row a-spacing-none"><a class="a-link-normal a-text-normal" title="5.0 von 5 Sternen" href="http://www.amazon.de/product-reviews/B00BSNACII/ref=cm_cr_dp_synop/277-7281789-8489225?ie=UTF8&showViewpoints=0&sortBy=recent#RKU91SVLRAXVG"><i class="a-icon a-icon-star a-star-5"><span class="a-icon-alt">5.0 von 5 Sternen</span></i></a><span class="a-letter-space"></span><a class="a-link-normal a-text-normal a-color-base" title="Vollst&auml;ndige Rezension von Amazon Kunde lesen" href="http://www.amazon.de/product-reviews/B00BSNACII/ref=cm_cr_dp_synop/277-7281789-8489225?ie=UTF8&showViewpoints=0&sortBy=recent#RKU91SVLRAXVG"><span class="a-size-base a-text-bold">very good!</span></a></div><a class="a-link-normal a-text-normal" title="Vollst&auml;ndige Rezension von Amazon Kunde lesen" href="http://www.amazon.de/product-reviews/B00BSNACII/ref=cm_cr_dp_synop/277-7281789-8489225?ie=UTF8&showViewpoints=0&sortBy=recent#RKU91SVLRAXVG">



  <p class="a-last">
    <span class="a-color-base">
      very good! The package is finished.I will buy the item again if I required. I think it will be better
    </span> 
    
  </p> 









<span class="a-size-small a-color-secondary">
  Vor 1 Monat von Amazon Kunde veröffentlicht
</span>
</a></div>
<div class="a-row a-spacing-base"><div class="a-icon-row a-spacing-none"><a class="a-link-normal a-text-normal" title="5.0 von 5 Sternen" href="http://www.amazon.de/product-reviews/B00BSNACII/ref=cm_cr_dp_synop/277-7281789-8489225?ie=UTF8&showViewpoints=0&sortBy=recent#R25KJKTRFL9OOX"><i class="a-icon a-icon-star a-star-5"><span class="a-icon-alt">5.0 von 5 Sternen</span></i></a><span class="a-letter-space"></span><a class="a-link-normal a-text-normal a-color-base" title="Vollst&auml;ndige Rezension von Amazon Customer lesen" href="http://www.amazon.de/product-reviews/B00BSNACII/ref=cm_cr_dp_synop/277-7281789-8489225?ie=UTF8&showViewpoints=0&sortBy=recent#R25KJKTRFL9OOX"><span class="a-size-base a-text-bold">Very good!</span></a></div><a class="a-link-normal a-text-normal" title="Vollst&auml;ndige Rezension von Amazon Customer lesen" href="http://www.amazon.de/product-reviews/B00BSNACII/ref=cm_cr_dp_synop/277-7281789-8489225?ie=UTF8&showViewpoints=0&sortBy=recent#R25KJKTRFL9OOX">



  <p class="a-last">
    <span class="a-color-base">
      My son likes it very much. It's very delicious! No better milk than this! I would like to introduce it to my friend.
    </span> 
    
  </p> 









<span class="a-size-small a-color-secondary">
  Vor 1 Monat von Amazon Customer veröffentlicht
</span>
</a></div>
<div class="a-row a-spacing-base"><div class="a-icon-row a-spacing-none"><a class="a-link-normal a-text-normal" title="3.0 von 5 Sternen" href="http://www.amazon.de/product-reviews/B00BSNACII/ref=cm_cr_dp_synop/277-7281789-8489225?ie=UTF8&showViewpoints=0&sortBy=recent#R3LLZ6JE0Z5VZ"><i class="a-icon a-icon-star a-star-3"><span class="a-icon-alt">3.0 von 5 Sternen</span></i></a><span class="a-letter-space"></span><a class="a-link-normal a-text-normal a-color-base" title="Vollst&auml;ndige Rezension von Amazon Customer lesen" href="http://www.amazon.de/product-reviews/B00BSNACII/ref=cm_cr_dp_synop/277-7281789-8489225?ie=UTF8&showViewpoints=0&sortBy=recent#R3LLZ6JE0Z5VZ"><span class="a-size-base a-text-bold">One of the package has a tiny hole</span></a></div><a class="a-link-normal a-text-normal" title="Vollst&auml;ndige Rezension von Amazon Customer lesen" href="http://www.amazon.de/product-reviews/B00BSNACII/ref=cm_cr_dp_synop/277-7281789-8489225?ie=UTF8&showViewpoints=0&sortBy=recent#R3LLZ6JE0Z5VZ">



  <p class="a-last">
    <span class="a-color-base">
      One of the package has a hole. And leaked some powder inside the box. For my baby's health, I drop that package!
    </span> 
    
  </p> 









<span class="a-size-small a-color-secondary">
  Vor 1 Monat von Amazon Customer veröffentlicht
</span>
</a></div>
<div class="a-row a-spacing-base"><div class="a-icon-row a-spacing-none"><a class="a-link-normal a-text-normal" title="5.0 von 5 Sternen" href="http://www.amazon.de/product-reviews/B00BSNACII/ref=cm_cr_dp_synop/277-7281789-8489225?ie=UTF8&showViewpoints=0&sortBy=recent#R3RZKGL7YTKKIE"><i class="a-icon a-icon-star a-star-5"><span class="a-icon-alt">5.0 von 5 Sternen</span></i></a><span class="a-letter-space"></span><a class="a-link-normal a-text-normal a-color-base" title="Vollst&auml;ndige Rezension von hewen lesen" href="http://www.amazon.de/product-reviews/B00BSNACII/ref=cm_cr_dp_synop/277-7281789-8489225?ie=UTF8&showViewpoints=0&sortBy=recent#R3RZKGL7YTKKIE"><span class="a-size-base a-text-bold">&#24456;&#22909;</span></a></div><a class="a-link-normal a-text-normal" title="Vollst&auml;ndige Rezension von hewen lesen" href="http://www.amazon.de/product-reviews/B00BSNACII/ref=cm_cr_dp_synop/277-7281789-8489225?ie=UTF8&showViewpoints=0&sortBy=recent#R3RZKGL7YTKKIE">



  <p class="a-last">
    <span class="a-color-base">
      jmwtpg.am&#30171;&#26970;&#21679;&#26469;&#21679;&#20040;&#23567;&#23731;&#24555;&#20048;li&#8198;ga&#8198;ok&#8198;tuo&#8198;l&#8198;ji&#8198;h&#8198;qu&#8198;mo&#8198;de&#8198;k&#8198;l&#8198;k&#8198;li&#8198;h&#8198;kun&#8198;ne&#8198;l&#8198;lo&#8198;l
    </span> 
    
  </p> 









<span class="a-size-small a-color-secondary">
  Vor 1 Monat von hewen veröffentlicht
</span>
</a></div>
<div class="a-row a-spacing-base"><div class="a-icon-row a-spacing-none"><a class="a-link-normal a-text-normal" title="5.0 von 5 Sternen" href="http://www.amazon.de/product-reviews/B00BSNACII/ref=cm_cr_dp_synop/277-7281789-8489225?ie=UTF8&showViewpoints=0&sortBy=recent#R18VCWBIIOOSGQ"><i class="a-icon a-icon-star a-star-5"><span class="a-icon-alt">5.0 von 5 Sternen</span></i></a><span class="a-letter-space"></span><a class="a-link-normal a-text-normal a-color-base" title="Vollst&auml;ndige Rezension von Amazon Kunde lesen" href="http://www.amazon.de/product-reviews/B00BSNACII/ref=cm_cr_dp_synop/277-7281789-8489225?ie=UTF8&showViewpoints=0&sortBy=recent#R18VCWBIIOOSGQ"><span class="a-size-base a-text-bold">Received 2 bags. Kaifeng tomorrow for the baby to eat, want to point...</span></a></div><a class="a-link-normal a-text-normal" title="Vollst&auml;ndige Rezension von Amazon Kunde lesen" href="http://www.amazon.de/product-reviews/B00BSNACII/ref=cm_cr_dp_synop/277-7281789-8489225?ie=UTF8&showViewpoints=0&sortBy=recent#R18VCWBIIOOSGQ">



  <p class="a-last">
    <span class="a-color-base">
      Received 2 bags. Kaifeng tomorrow for the baby to eat, want to point out the Amazon, don't let other people buy, so worry
    </span> 
    
  </p> 









<span class="a-size-small a-color-secondary">
  Vor 2 Monaten von Amazon Kunde veröffentlicht
</span>
</a></div>
<div class="a-row a-spacing-base"><div class="a-icon-row a-spacing-none"><a class="a-link-normal a-text-normal" title="5.0 von 5 Sternen" href="http://www.amazon.de/product-reviews/B00BSNACII/ref=cm_cr_dp_synop/277-7281789-8489225?ie=UTF8&showViewpoints=0&sortBy=recent#RG5QJVSR0RMUR"><i class="a-icon a-icon-star a-star-5"><span class="a-icon-alt">5.0 von 5 Sternen</span></i></a><span class="a-letter-space"></span><a class="a-link-normal a-text-normal a-color-base" title="Vollst&auml;ndige Rezension von Yang Lingxian lesen" href="http://www.amazon.de/product-reviews/B00BSNACII/ref=cm_cr_dp_synop/277-7281789-8489225?ie=UTF8&showViewpoints=0&sortBy=recent#RG5QJVSR0RMUR"><span class="a-size-base a-text-bold">Very good!</span></a></div><a class="a-link-normal a-text-normal" title="Vollst&auml;ndige Rezension von Yang Lingxian lesen" href="http://www.amazon.de/product-reviews/B00BSNACII/ref=cm_cr_dp_synop/277-7281789-8489225?ie=UTF8&showViewpoints=0&sortBy=recent#RG5QJVSR0RMUR">



  <p class="a-last">
    <span class="a-color-base">
      My baby enjoy it.It's very good! I think I will buy more it again! Aptamil is suitable for my baby!
    </span> 
    
  </p> 









<span class="a-size-small a-color-secondary">
  Vor 3 Monaten von Yang Lingxian veröffentlicht
</span>
</a></div>
<div class="a-row a-spacing-base"><div class="a-icon-row a-spacing-none"><a class="a-link-normal a-text-normal" title="5.0 von 5 Sternen" href="http://www.amazon.de/product-reviews/B00BSNACII/ref=cm_cr_dp_synop/277-7281789-8489225?ie=UTF8&showViewpoints=0&sortBy=recent#R1QI7T4A38X3J6"><i class="a-icon a-icon-star a-star-5"><span class="a-icon-alt">5.0 von 5 Sternen</span></i></a><span class="a-letter-space"></span><a class="a-link-normal a-text-normal a-color-base" title="Vollst&auml;ndige Rezension von Amazon Customer lesen" href="http://www.amazon.de/product-reviews/B00BSNACII/ref=cm_cr_dp_synop/277-7281789-8489225?ie=UTF8&showViewpoints=0&sortBy=recent#R1QI7T4A38X3J6"><span class="a-size-base a-text-bold">very good service</span></a></div><a class="a-link-normal a-text-normal" title="Vollst&auml;ndige Rezension von Amazon Customer lesen" href="http://www.amazon.de/product-reviews/B00BSNACII/ref=cm_cr_dp_synop/277-7281789-8489225?ie=UTF8&showViewpoints=0&sortBy=recent#R1QI7T4A38X3J6">



  <p class="a-last">
    <span class="a-color-base">
      very good service, also convenient, Do not need to get to supermarket again and again. satisfied with my first buying experience in the net.
    </span> 
    
  </p> 









<span class="a-size-small a-color-secondary">
  Vor 3 Monaten von Amazon Customer veröffentlicht
</span>
</a></div>
<div class="a-row a-spacing-base"><div class="a-icon-row a-spacing-none"><a class="a-link-normal a-text-normal" title="5.0 von 5 Sternen" href="http://www.amazon.de/product-reviews/B00BSNACII/ref=cm_cr_dp_synop/277-7281789-8489225?ie=UTF8&showViewpoints=0&sortBy=recent#R1UQLZWPRNGDZ2"><i class="a-icon a-icon-star a-star-5"><span class="a-icon-alt">5.0 von 5 Sternen</span></i></a><span class="a-letter-space"></span><a class="a-link-normal a-text-normal a-color-base" title="Vollst&auml;ndige Rezension von Chenjilong FCUIJNB lesen" href="http://www.amazon.de/product-reviews/B00BSNACII/ref=cm_cr_dp_synop/277-7281789-8489225?ie=UTF8&showViewpoints=0&sortBy=recent#R1UQLZWPRNGDZ2"><span class="a-size-base a-text-bold">very good</span></a></div><a class="a-link-normal a-text-normal" title="Vollst&auml;ndige Rezension von Chenjilong FCUIJNB lesen" href="http://www.amazon.de/product-reviews/B00BSNACII/ref=cm_cr_dp_synop/277-7281789-8489225?ie=UTF8&showViewpoints=0&sortBy=recent#R1UQLZWPRNGDZ2">



  <p class="a-last">
    <span class="a-color-base">
      this baby milk is very good,my daughter very like it.I will always buy it from Amazon,hope it will cheaper in the future
    </span> 
    
  </p> 









<span class="a-size-small a-color-secondary">
  Vor 3 Monaten von Chenjilong FCUIJNB veröffentlicht
</span>
</a></div>











</div> 

      </div>

      <div id="revS" class="a-row">
        




<form id="revSearchForm" method="GET" action="http://www.amazon.de/product-reviews/B00BSNACII/ref=cm_cr_dp_srch/277-7281789-8489225">
  <label for="searchCustomerReviewsInput">
    Kundenrezensionen suchen
  </label>
  
  <div class="a-search"><i class="a-icon a-icon-search"></i><input type="search" id="searchCustomerReviewsInput" name="filterByKeyword" class="a-input-text a-width-medium"></div>
  
  <span id="searchCustomerReviewsButton" class="a-button a-button-search"><span class="a-button-inner"><input class="a-button-input" type="submit" aria-labelledby="searchCustomerReviewsButton-announce"><span id="searchCustomerReviewsButton-announce" class="a-button-text" aria-hidden="true">
    Suchen
  </span></span></span>
  
  <input type="hidden" name="search-alias" value="community-reviews">
  <input type="hidden" name="__mk_de_DE" value="ÅMÅŽÕÑ" />

</form>





      </div>
    </div>
  
  </div>
</div>


</div>
<script type="text/javascript">
var isAUI = typeof P === 'object' && typeof P.when === 'function';
  if(typeof setCSMReq == 'function') {
        setCSMReq('cf');
  }else {
     if(typeof uet == 'function') {
        uet('cf');
     }
     if(isAUI){
     	   P.trigger("cf");
     	}else{
     		amznJQ.completedStage('amznJQ.criticalFeature');
     	}
  }
</script>
 






<script type="text/javascript">


(window.AmazonUIPageJS ? AmazonUIPageJS : P).when('cf').execute(function() {
  (window.AmazonUIPageJS ? AmazonUIPageJS : P).load.js('http://z-ecx.images-amazon.com/images/I/21JRuXuhCVL._RC|117OlQ1SsZL.js,11BaHALkA9L.js_.js#AUIClients/HardlinesFeatureDetailPageMetaAsset');
});



  if(typeof P !== "undefined" && typeof P.when === "function"){
    P.when('cf').execute(function() {
          P.when('search-js-jq').execute(function(){});
  P.when('amazonShoveler').execute(function(){});
  P.when('simsJS').execute(function(){});
  P.when('cmuAnnotations').execute(function(){});
  P.when('externalJS.tagging').execute(function(){});
  P.when('amzn-ratings-bar').execute(function(){});
  P.when('accessoriesJS').execute(function(){});
  P.when('priceformatterJS').execute(function(){});
  P.when('CustomerPopover').execute(function(){});

    });
  }
</script>









<script type='text/javascript'>
    amznJQ.addLogical('immersiveView', ["http://z-ecx.images-amazon.com/images/G/01/browser-scripts/immersiveView/immersiveView-990982538._V1_.js"]);
</script>










<script>
  (window.AmazonUIPageJS ? AmazonUIPageJS : P).load.js('http://z-ecx.images-amazon.com/images/G/01/AUIClients/DetailPageImageBlockAssets-fd44c37b3916b6f49b10deeb8663ca4ebfd81c1c._V2_.js#AUIClients/DetailPageImageBlockAssets.min');
</script>


      

    
  






    
  























    
  










































































<script type="text/javascript">
P.when('jQuery', 'cf').execute(function($, cf){
  
});

P.when('A', 'jQuery', 'ImageBlockATF', 'cf').register('ImageBlockBTF', function(A, $, imageBlockATF, cf){
  var data = {"indexToColor":["initial"],"burjImageBlock":0,"isSwatchHoverConsistent":1,"heroFocalPoint":null,"visualDimensions":["size_name"],"productGroupID":"grocery_display_on_website","thumbnailLeftAlignmentEnabled":1,"newVideoMissing":0,"useIV":1,"useClickZoom":null,"fullScreenImmersiveView":0,"useChildVideos":1,"redesignedImmersiveView":0,"numColors":2,"logMetrics":1,"defaultColor":"initial","imgTagWrapperClasses":null,"showMagnifierOnHover":0,"airyConfig":{"enableContinuousPlay":0,"installFlashButtonText":"Flash Player installieren","contentTitle":null,"autoplayCutOffTimeSeconds":null,"cssUrl":"http://z-ecx.images-amazon.com/images/G/03/vap/video/airy2/prod/2.0.1351.0/css/beacon._CB301816267_.css","ageGate":{"monthNames":["Januar","Februar","März","April","Mai","Juni","Juli","August","September","Oktober","November","Dezember"],"deniedPrompt":"Es tut uns leid. Sie sind leider nicht alt genug, um dieses Video zu sehen.","submitText":"Senden","prompt":"Dieses Video ist nicht für alle Zielgruppen vorgesehen. Was ist Ihr Geburtsdatum?"},"videoAds":null,"videoUnsupportedPrompt":"Leider wird das Video auf diesem Browser nicht unterstützt.","desiredMode":null,"swfUrl":"http://g-ecx.images-amazon.com/images/G/03/vap/video/airy2/prod/2.0.1351.0/flash/AiryBasicRenderer._CB301816267_.swf","isAutoplayEnabled":null,"installFlashPrompt":"Zur Wiedergabe dieses Videos wird Adobe Flash Player benötigt.","isLiveStream":null,"regionCode":"EU","contentId":null,"playbackErrorPrompt":"Beim Versuch der Videowiedergabe ist ein Fehler aufgetreten. Bitte versuchen Sie es später noch einmal.","contentMinAge":null,"isForesterTrackingDisabled":null,"streamingUrls":null,"parentId":null,"foresterMetadataParams":{"client":"Dpx","requestId":"0K8TTEBZSQ1S50KDN22N","marketplaceId":"A1PA6795UKMFR9","session":"277-7281789-8489225","method":"Grocery.ImageBlock"},"jsUrl":"http://z-ecx.images-amazon.com/images/G/03/vap/video/airy2/prod/2.0.1351.0/js/airy.skin._CB301816266_.js"},"showBiggerImmersiveView":"","mainImageMaxSizes":null,"naturalMainImageSize":null,"isMultipleHeroImagesReady":0,"staticStrings":{"playVideo":"Zur Video-Wiedergabe klicken","rollOverToZoom":"Für größere Ansicht Maus über das Bild ziehen","images":"Bilder","video":"Video","clickToZoom":"Klicken Sie auf das Bild, um es zu vergrößern","touchToZoom":"Berühren Sie das Bild, um es zu vergrößern.","videos":"Videos","close":"Schließen","pleaseSelect":"Bitte wählen Sie","clickToExpand":"Für eine größere Ansicht klicken Sie auf das Bild","allMedia":"Alle Medien"},"notThumbnailClickImmersiveView":1,"gIsNewTwister":1,"title":"Aptamil Kinder-Milch 1+ ab dem 12. Monat, 600g","ivRepresentativeAsin":{"1":"B00BSNACII"},"useAltIngress":0,"mainImageSizes":[[342,445],[385,500],[425,550],[466,606],[522,679]],"switchDynImgDims":0,"views":["ImageBlockMagnifierView","ImageBlockAltImageView","ImageBlockVideoView","ImageBlockTwisterView","ImageBlockImmersiveView"],"isQuickview":0,"productTypeName":"GROCERY","ipadVideoSizes":[[340,444],[384,500]],"isSoftlinesEnhancedHoverZoom":null,"colorToAsin":{"4 x 600g":{"asin":"B00BSNACII"}},"thumbExperimentEnabledValue":1,"showLITBOnClick":0,"isSuperleaf":0,"videoSizes":[[342,445],[384,500]],"stretchyGoodnessWidth":[1280,1440,1640,1800],"autoplayVideo":0,"prioritizeVideos":null,"hoverZoomIndicator":"","sitbReftag":"","enhancedHoverOverlay":null,"useHoverZoom":1,"staticImages":{"zoomOut":"http://g-ecx.images-amazon.com/images/G/03/detail-page/cursors/zoom-out._CB184888341_.bmp","hoverZoomIcon":"http://g-ecx.images-amazon.com/images/G/03/img11/apparel/UX/DP/icon_zoom.png","zoomIn":"http://g-ecx.images-amazon.com/images/G/03/detail-page/cursors/zoom-in._CB184888321_.bmp","zoomLensBackground":"http://g-ecx.images-amazon.com/images/G/03/apparel/rcxgs/tile._CB211468455_.gif","videoThumbIcon":"http://g-ecx.images-amazon.com/images/G/03/Quarterdeck/en_US/images/video._CB140033762_SX38_SY50_CR,0,0,38,50_.jpg","spinner":"http://g-ecx.images-amazon.com/images/G/03/ui/loadIndicators/loading-large_labeled._CB186124316_.gif","zoomInCur":"http://g-ecx.images-amazon.com/images/G/03/detail-page/cursors/zoomIn.cur","videoSWFPath":"http://g-ecx.images-amazon.com/images/G/03/Quarterdeck/en_US/video/20110518115040892/Video._CB137425805_.swf","arrow":"http://g-ecx.images-amazon.com/images/G/03/javascripts/lib/popover/images/light/sprite-vertical-popover-arrow._CB186039208_.png","zoomOutCur":"http://g-ecx.images-amazon.com/images/G/03/detail-page/cursors/zoomOut.cur"},"videos":[],"isAUIPopoverEnabled":1,"gPreferChildVideos":1,"altsOnLeft":1,"useHoverZoomIpad":"","ivImageSetKeys":{"initial":0,"4 x 600g":"1"},"isUDP":1,"alwaysIncludeVideo":1,"widths":[1280,1440,1640,1800],"maxAlts":7,"useChromelessVideoPlayer":0,"mainImageHeightPartitions":null};
  data["customerImages"] = eval('[]');
  data["colorImages"] = {"4 x 600g":[{"large":"http://ecx.images-amazon.com/images/I/51Lfv-i-z6L.jpg","variant":"MAIN","hiRes":"http://ecx.images-amazon.com/images/I/71N6tuY0mHL._SL1225_.jpg","thumb":"http://ecx.images-amazon.com/images/I/51Lfv-i-z6L._SX38_SY50_CR,0,0,38,50_.jpg","main":{"http://ecx.images-amazon.com/images/I/71N6tuY0mHL._SY445_.jpg":["445","298"],"http://ecx.images-amazon.com/images/I/71N6tuY0mHL._SY500_.jpg":["500","335"],"http://ecx.images-amazon.com/images/I/71N6tuY0mHL._SY550_.jpg":["550","368"],"http://ecx.images-amazon.com/images/I/71N6tuY0mHL._SY606_.jpg":["606","406"],"http://ecx.images-amazon.com/images/I/71N6tuY0mHL._SY679_.jpg":["679","455"]}},{"large":"http://ecx.images-amazon.com/images/I/51chE6cO8LL.jpg","variant":"PT01","hiRes":"http://ecx.images-amazon.com/images/I/71r49Ps053L._SL1500_.jpg","thumb":"http://ecx.images-amazon.com/images/I/51chE6cO8LL._SX38_SY50_CR,0,0,38,50_.jpg","main":{"http://ecx.images-amazon.com/images/I/71r49Ps053L._SY500_.jpg":["500","270"],"http://ecx.images-amazon.com/images/I/71r49Ps053L._SY679_.jpg":["679","367"],"http://ecx.images-amazon.com/images/I/71r49Ps053L._SY550_.jpg":["550","297"],"http://ecx.images-amazon.com/images/I/71r49Ps053L._SY606_.jpg":["606","327"],"http://ecx.images-amazon.com/images/I/71r49Ps053L._SY445_.jpg":["445","240"]}}]};
  data["heroImage"] = {};
  data["landingAsinColor"] = '4 x 600g';
  data["shouldApplyResizeFix"] = false;

  return data;
});

</script>



<div class="a-popover-preload" id="a-popover-immersiveView">

<div id="ivMain">
    <div id="ivThumbColumn">
        <div id="ivTitle">
        </div>
        <div id="ivVariationSelection">
        </div>
        <div id="ivMediaSelection">
            <select id="ivMediaSelect">
            </select>
        </div>
        <div id='ivThumbs'>
            <div class="ivRow placeholder">
            </div>
            <span class='ivThumbVideoPopover placeholder'>
                <b class='ivVideoPopoverTitle'></b><br><span class='ivVideoPopoverDuration'></span>
            </span>
            <div class="ivThumb placeholder">
                <div class="ivThumbImage">
                </div>
            </div>
        </div>
        <div id='ivVideoList'>
            <div class="ivThumbVideoListOuter placeholder">
                <div class="ivThumbVideoList">
                    <div class="ivThumbImage">
                    </div>
                </div>
                <div class="ivThumbText">
                    <b class="ivThumbTitle"></b>
                    <span class="ivThumbDuration"></span>
                    <div class="ivClearfix">
                    </div>
                </div>
            </div>
        </div>
    </div>
    <div id="ivStage">
        <div id="ivLargeImage">
        </div>
        <div id="ivLargeVideo">
        </div>
    </div>
    <div class="ivClearfix">
    </div>
</div>

</div>



















    
    












<script>
(window.AmazonUIPageJS ? AmazonUIPageJS : P).when('atf').execute(function() {
  (window.AmazonUIPageJS ? AmazonUIPageJS : P).load.js('http://z-ecx.images-amazon.com/images/G/01/AUIClients/DetailPageTwisterAssets-218d10cf12bafab4f55797de5259d62f68f8e0a4._V2_.js#AUIClients/DetailPageTwisterAssets.min');
});
(window.AmazonUIPageJS ? AmazonUIPageJS : P).when('atf').execute(function() {
  (window.AmazonUIPageJS ? AmazonUIPageJS : P).load.js('http://z-ecx.images-amazon.com/images/G/01/AUIClients/AmazonPopoversAUIShim-e679ef37a66656fd4576766d831f2f8fbf2ded87._V2_.js#AUIClients/AmazonPopoversAUIShim.de.min');
});
</script>

<script language="JavaScript">
    window.isTwisterAUI = 1;
    window.DetailPage ={};
    window.gIsNewTwister = true;
    window.DetailPage.useTwisterJsInitFromDPXPartially = 1;
    P.register('twister-js-init-mason-data', function() {
       var dataToReturn = {"printConsoleLogs":0,"hoverMS":0,"dimensions":["size_name"],"prioritizeReqPrefetch":0,"prefetchRelatedAttrs":"{\"landingPrefetchState\":\"TRIGGER_ON_INTERACTION\",\"prefetchOtherReqDimensions\":0,\"performLandingAsinPrefetch\":0,\"performParentPrefetch\":0,\"performPrefetches\":1,\"performPartialPrefetch\":0}","current_asin":"B00BSNACII","prefetchCount":0,"newPrefetchWeblab":"","productGroupID":"grocery_display_on_website","displayConfigStylesData":{"vodd":{"selected":"voddSelect","invalid":"voddUnavailable","available":"voddAvailable"},"etdd":{"selected":"selected","invalid":"invalid","available":"available"},"dropdown":{"hidden":"dropdownHidden","selected":"dropdownSelect","invalid":"dropdownUnavailable","available":"dropdownAvailable"},"swatch":{"selected":"swatchSelect","invalid":"swatchUnavailable","available":"swatchAvailable"},"singleton":{"selected":"singletonSelect","invalid":"singletonSelect","available":"singletonSelect"}},"view":"glance","twisterAccessibilityCurrentSelection":"Your current selection is : ","isLoggingEnabled":0,"useMS":0,"dimToAsinMapData":{"0":"B00BSNACII"},"selected_variation_values":{"size_name":0},"unselectedDimCount":0,"loadingBarHtml2":"<table border=\"0\" width=\"100%\"> <tr>   <td align=\"center\" style=\"font-family: Tahoma, Arial, Helvetica, sans-serif;font-size:12px;\">Daten werden geladen...</td></tr> <tr> <td align=\"center\"><img src=\"http://g-ecx.images-amazon.com/images/G/03/x-locale/communities/tags/snake._CB192234769_.gif\" style=\"margin-left:-8px;\" /></td>  </tr></table>","measurement":{"cf":{"longPollImageTag":null,"count":2,"marker":"twister-cf-marker_feature_div","longPollHtmlTag":null},"atf":{"count":2,"marker":"twister-atf-marker_feature_div"}},"selected_variations":{"size_name":"4 x 600g"},"jqupgrade":0,"num_variation_dimensions":1,"prefetchFixWeblab":1,"dimensionValuesDisplayData":{"B00BSNACII":["4 x 600g"]},"hidePopover":1,"disableJsInteractions":0,"parent_asin":"B013USRV1E","rps":0,"variation_values":{"size_name":["4 x 600g"]},"deviceType":"web","keysToPopulateDetailPageStateController":["current_asin","parent_asin","productGroupID","storeID","unselectedDimCount","currentDimCombID","reactId","dimensionSelectionData","num_total_variations","num_variation_dimensions","rps","view","selected_variations","variation_values","selected_variation_values","asin_variation_values"],"num_total_variations":1,"showDimSecondUnavailablePopover":0,"twisterUpdateURLInfo":{"immutableURLPrefix":"/gp/twister/ajaxv2?sid=277-7281789-8489225&ptd=GROCERY&sCac=1&twisterView=glance&pgid=grocery_display_on_website&rid=0K8TTEBZSQ1S50KDN22N&dStr=size_name&auiAjax=1&json=1&dpxAjaxFlag=1&isUDPFlag=1&ee=2&merchantID=A3JWKAKR8XB7XF&nodeID=340846031&parentAsin=B013USRV1E&enPre=1&dcm=1&udpWeblabState=T2&storeID=grocery","immutableParams":{"sid":"277-7281789-8489225","ptd":"GROCERY","json":"1","dpxAjaxFlag":"1","sCac":"1","isUDPFlag":"1","twisterView":"glance","ee":"2","pgid":"grocery_display_on_website","merchantID":"A3JWKAKR8XB7XF","nodeID":"340846031","rid":"0K8TTEBZSQ1S50KDN22N","parentAsin":"B013USRV1E","enPre":"1","dcm":"1","udpWeblabState":"T2","dStr":"size_name","storeID":"grocery","auiAjax":"1"},"mutableParams":{}},"variationDisplayLabels":{"size_name":"Größe"},"twisterInitPrefetchMode":0,"productTypeName":"GROCERY","unavailablePopOverStringValue":"in der Auswahl nicht verfügbar","dimensionsDisplayType":["singleton"],"dimensionsDisplay":["Größe"],"dimensionSelectionData":[{"isSelected":1,"isRequired":0}],"dimensionValuesData":[["4 x 600g"]],"reactId":"0","use-early-twister-init":0,"deletedLandingAsinInfo":{},"isTablet":0,"asin_variation_values":{"B00BSNACII":{"size_name":"0","ASIN":"B00BSNACII"}},"contextMetaData":{"parent":{"mTypeSpecificURLParams":{},"elementList":[{"isPrefetchable":0,"divToUpdate":"twister-atf-marker_feature_div"},{"divToUpdate":"andon-cord-pulling_feature_div"},{"divToUpdate":"dvd-rental-badge_feature_div"},{"divToUpdate":"product-alert-grid_feature_div"},{"divToUpdate":"hero-quick-promo-grid_feature_div"},{"divToUpdate":"qpe-title-tag_feature_div"},{"loadingBar":1,"isPrefetchable":0,"divToUpdate":"buyxgety_feature_div"},{"loadingBar":1,"isPrefetchable":0,"divToUpdate":"purchase-similarities_feature_div"},{"divToUpdate":"dp-ads-center-promo-top_feature_div"},{"loadingBar":1,"divToUpdate":"promotions_feature_div"},{"divToUpdate":"view-dpv-rich-media_feature_div"},{"divToUpdate":"product-details_feature_div"},{"divToUpdate":"need-help-deciding_feature_div"},{"loadingBar":1,"isPrefetchable":0,"divToUpdate":"product-details-grid_feature_div"},{"loadingBar":1,"divToUpdate":"important-information_feature_div"},{"divToUpdate":"dpx-aplus-product-description_feature_div"},{"loadingBar":1,"divToUpdate":"cpsia-product-safety-warning_feature_div"},{"isPrefetchable":0,"divToUpdate":"dp-out-of-stock-top_feature_div"},{"loadingBar":1,"isPrefetchable":0,"divToUpdate":"dp-ads-middle_feature_div"},{"loadingBar":1,"isPrefetchable":0,"divToUpdate":"accessories-and-compatible-products_feature_div"},{"loadingBar":1,"divToUpdate":"conditional-probability_feature_div"},{"divToUpdate":"like-delayed-render_feature_div"},{"divToUpdate":"dp-ads-center-promo_feature_div"},{"loadingBar":1,"isPrefetchable":0,"divToUpdate":"ask-btf_feature_div"},{"loadingBar":1,"isPrefetchable":0,"divToUpdate":"customer-reviews_feature_div"},{"isPrefetchable":0,"divToUpdate":"twister-cf-marker_feature_div"},{"divToUpdate":"ld-notifier-widget_feature_div"},{"divToUpdate":"lazy-load-content_feature_div"},{"loadingBar":1,"divToUpdate":"browse_feature_div"},{"isPrefetchable":0,"divToUpdate":"twister-log-metrics_feature_div"},{"isPrefetchable":0,"divToUpdate":"dp-fast-track-logger_feature_div"}]},"master":{"mTypeSpecificURLParams":{}},"partial":{"mTypeSpecificURLParams":{}},"full":{"mTypeSpecificURLParams":{"psc":1},"elementList":[{"isPrefetchable":0,"divToUpdate":"twister-atf-marker_feature_div"},{"divToUpdate":"andon-cord-pulling_feature_div"},{"divToUpdate":"dvd-rental-badge_feature_div"},{"divToUpdate":"product-alert-grid_feature_div"},{"divToUpdate":"hero-quick-promo-grid_feature_div"},{"divToUpdate":"qpe-title-tag_feature_div"},{"loadingBar":1,"isPrefetchable":0,"divToUpdate":"buyxgety_feature_div"},{"loadingBar":1,"isPrefetchable":0,"divToUpdate":"purchase-similarities_feature_div"},{"divToUpdate":"dp-ads-center-promo-top_feature_div"},{"loadingBar":1,"divToUpdate":"promotions_feature_div"},{"divToUpdate":"view-dpv-rich-media_feature_div"},{"divToUpdate":"product-details_feature_div"},{"divToUpdate":"need-help-deciding_feature_div"},{"loadingBar":1,"isPrefetchable":0,"divToUpdate":"product-details-grid_feature_div"},{"loadingBar":1,"divToUpdate":"important-information_feature_div"},{"divToUpdate":"dpx-aplus-product-description_feature_div"},{"loadingBar":1,"divToUpdate":"cpsia-product-safety-warning_feature_div"},{"isPrefetchable":0,"divToUpdate":"dp-out-of-stock-top_feature_div"},{"loadingBar":1,"isPrefetchable":0,"divToUpdate":"dp-ads-middle_feature_div"},{"loadingBar":1,"isPrefetchable":0,"divToUpdate":"accessories-and-compatible-products_feature_div"},{"loadingBar":1,"divToUpdate":"conditional-probability_feature_div"},{"divToUpdate":"like-delayed-render_feature_div"},{"divToUpdate":"dp-ads-center-promo_feature_div"},{"loadingBar":1,"isPrefetchable":0,"divToUpdate":"ask-btf_feature_div"},{"loadingBar":1,"isPrefetchable":0,"divToUpdate":"customer-reviews_feature_div"},{"isPrefetchable":0,"divToUpdate":"twister-cf-marker_feature_div"},{"divToUpdate":"ld-notifier-widget_feature_div"},{"divToUpdate":"lazy-load-content_feature_div"},{"loadingBar":1,"divToUpdate":"browse_feature_div"},{"isPrefetchable":0,"divToUpdate":"twister-log-metrics_feature_div"},{"isPrefetchable":0,"divToUpdate":"dp-fast-track-logger_feature_div"}]}},"useBeaconizedEVDD":1,"loadingBarHtml":"<div style=\"display:inline;margin:10px;\"><span style=\"font-family: Tahoma,Arial,Helvetica,sans-serif;color:#000000;font-size: 12px; \">Daten werden geladen...<img src=\"http://g-ecx.images-amazon.com/images/G/03/x-locale/communities/tags/snake._CB192234769_.gif\" width=\"16\" height=\"16\" align=\"absmiddle\" style=\"display: inline\"></span></div>","currentDimCombID":"0","pageRefreshRefactor":"1","useVariationsOverlay":0,"asinToDimIndexMapData":{"B00BSNACII":["0"]},"twisterMarkImageLoad":1,"storeID":"grocery"};
       return dataToReturn;
    });
</script>









  
  
  
  
  
  
  
  
  











 
 
 








<style>
  #nav-prime-tooltip{
    padding: 0 20px 2px 20px;
    background-color: white;
    font-family: arial,sans-serif;
  }
  .nav-npt-text-title{
    font-family: arial,sans-serif;
    font-size: 18px;
    font-weight: bold;
    line-height: 21px;
    color: #E47923;
  }
  .nav-npt-text-detail, a.nav-npt-a{
    font-family: arial,sans-serif;
    font-size: 12px;
    line-height: 14px;
    color: #333333;
    margin: 2px 0px;
  }
  a.nav-npt-a {
    text-decoration: underline;
  }
</style>

<div  style="display: none">
  <div id="nav-prime-tooltip">
    <div class="nav-npt-text-title"> Testen Sie jetzt alle Amazon Prime-Vorteile </div>
    <div class="nav-npt-text-detail"> Prime-Mitglieder genießen Zugang zu gratis Premiumversand, tausenden Filmen und Serienepisoden mit Prime Video, über einer Million Songs mit Prime Music und vielem mehr. </div>
    <div class="nav-npt-text-detail">
      &gt;
      <a class="nav-npt-a" href="/gp/prime/ref=nav_tooltip_redirect/277-7281789-8489225">Jetzt testen</a>
    </div>
  </div>
</div>









<div style="display: none">
  <div id="nav-prime-menu" class="nav-empty nav-flyout-content nav-ajax-prime-menu">
    <div class="nav_dynamic"></div>
    <div class="nav-ajax-message"></div>
    <div class="nav-ajax-error-msg">
      <p class="nav_p nav-bold">Momentanes Problem beim Laden dieses Menüs.</p>
      <p class="nav_p"><a href="/gp/prime/ref=nav_prime_ajax_err/277-7281789-8489225" class="nav_a">Weitere Informationen über Amazon Prime.</a></p>
    </div>
  </div>
</div>






  <script type='text/javascript'>
      window.$Nav && $Nav.declare('config.prefetchUrls', ["https://images-eu.ssl-images-amazon.com/images/G/01/authportal/common/images/amznbtn-sprite03._CB395592492_.png","https://images-eu.ssl-images-amazon.com/images/G/03/authportal/common/images/amazon_logo_no-org_mid._CB143113074_.png","https://images-eu.ssl-images-amazon.com/images/G/03/authportal/flex/reduced-nav/ap-flex-reduced-nav-2.0._CB309248132_.js","https://images-eu.ssl-images-amazon.com/images/G/03/authportal/flex/reduced-nav/ap-flex-reduced-nav-2.1._CB343893857_.css","https://images-eu.ssl-images-amazon.com/images/G/03/gno/images/general/navAmazonLogoFooter._CB169459258_.gif","https://images-eu.ssl-images-amazon.com/images/G/03/x-locale/common/buttons/sign-in-secure._CB192194049_.gif","https://images-eu.ssl-images-amazon.com/images/G/03/x-locale/common/login/fwcim._CB342129235_.js","https://images-eu.ssl-images-amazon.com/images/G/03/x-locale/communities/social/snwicons_v2._CB402380168_.png","https://images-eu.ssl-images-amazon.com/images/G/03/x-locale/cs/help/images/spotlight/kindle-family-02b._CB369420141_.jpg","https://images-eu.ssl-images-amazon.com/images/G/03/x-locale/cs/orders/images/acorn._CB192558166_.gif","https://images-eu.ssl-images-amazon.com/images/G/03/x-locale/cs/orders/images/amazon-gc-100._CB192236811_.gif","https://images-eu.ssl-images-amazon.com/images/G/03/x-locale/cs/orders/images/amazon-gcs-100._CB192558166_.gif","https://images-eu.ssl-images-amazon.com/images/G/03/x-locale/cs/orders/images/btn-close._CB192558167_.gif","https://images-eu.ssl-images-amazon.com/images/G/03/x-locale/cs/projects/text-trace/texttrace_typ._CB353753409_.js","https://images-eu.ssl-images-amazon.com/images/G/03/x-locale/cs/ya/images/new-link._CB192235928_.gif","https://images-eu.ssl-images-amazon.com/images/G/03/x-locale/cs/ya/images/shipment_large_lt._CB192235641_.gif"]);
window.$Nav && $Nav.declare('config.prefetch',function() {
    var pUrls = window.$Nav.getNow('config.prefetchUrls');
    (window.AmazonUIPageJS ? AmazonUIPageJS : P).when('A').execute(function (A) { A.preload(pUrls); });
});

  /*  */
  
  __auiPreloadIndex = window.__auiPreloadIndex || 0;
  (window.AmazonUIPageJS ? AmazonUIPageJS : P).when('A').execute("auiPreloadJS_"+(++__auiPreloadIndex), function(A){
    A.preload('http://z-ecx.images-amazon.com/images/I/01YAhwn3AyL._RC|71RixZdXwXL.js,51hXuaB2fiL.js,01A18a0oAWL.js,31KWPx5AjmL.js,01wBjiz9OvL.js_.js#AUIClients/NavDesktopMetaAsset');
    A.preload('https://images-eu.ssl-images-amazon.com/images/I/01YAhwn3AyL._RC|71RixZdXwXL.js,51hXuaB2fiL.js,01A18a0oAWL.js,31KWPx5AjmL.js,01wBjiz9OvL.js_.js#AUIClients/NavDesktopMetaAsset');
  });
  (window.AmazonUIPageJS ? AmazonUIPageJS : P).when('A').execute("auiPreloadCSS_"+(++__auiPreloadIndex), function(A){
    A.preload('http://z-ecx.images-amazon.com/images/I/61cAIQsR7nL._RC|01h78L-cgLL.css,21e1xEhXt1L.css,118pQdz77VL.css_.css#AUIClients/NavDesktopMetaAsset');
    A.preload('https://images-eu.ssl-images-amazon.com/images/I/61cAIQsR7nL._RC|01h78L-cgLL.css,214FXNZASwL.css,118pQdz77VL.css_.css#AUIClients/NavDesktopMetaAsset');
  });



    window.$Nav && $Nav.declare('config.flyoutURL', "http://static.amazon.de/gp/navigation/flyouts/flyouts-D0fWUWRPaX7p3glRF44F2m8JJfdJWZCUaX4J01rD4ODjclVIGThDZndg7S2mFwJjLlAOwPzzjSS0L1MvguJlF_-kXPLj3Ug34kmfnzE-rQfp_Q-R3-_htDv_BZvv0Gd37GO_Orep43Vmcj5w0udMsJURfS5oru0f2c4wK6o90g08roY0tDe9IpQ6zpWqFje5Hd-HpOZLh8pY_v03DXnumKPI7ifW4Fxlisc1_qr0XQvmVn14l1R3yKT8n_DfGmXuTAhKowtB0YkayDtJf4zf9LBXQ5W_KZqotVrnnik0PMTr8efeC5cuyUw-IYJAM5akc1Pt4bNnYszEr5MiP1h6V9uLWJjDc9esvJm_9jW8XS5iyKZ8vHSqSrMdzobDdA7_lw9uRDMURKTpXNUKgVyHlF_Tvwvp4Tz2DoQ3njRUeQW5Nilxw--NxDAYoKr8ywQTxbqtCC_efaMN5VtRxpBrJiVYOus22B59BiQLzSK3SaaShDBkh-qkxYsmdWgBcTGnLdnMx40HbAyFhJhsbKQf7RTejGTUfCngsCE1SUEgzpOXIIosbVmf5Ulx21AjFNEWiR-j-KYHe2BOMQRFOi-9_QOc1ejxQUbaLvSUUiP9bQ4MzoGhPYz12iAUTAN4oe1ziAxWchBLtX8TUv8LdY3cl96vYNY5j3GHQB1E_Buxdv3w3KovBbI946eouzyPOW_mm_oFQSHfaQ0As5_yPFbpDw.js?ie=UTF8");
    window.$Nav && $Nav.declare('btf.lite');
    window.$Nav && $Nav.declare('btf.full');
    window.$Nav && $Nav.declare('btf.exists');
    (window.AmazonUIPageJS ? AmazonUIPageJS : P).register('navCF');
  </script>


<div id="ld-notifier-widget_feature_div">
</div>


<div id="pldn-referrer-tracker_feature_div">







</div>


<div id="smile-campaign_feature_div">
</div>


<div id="dp_bottom_lazy_lazy_load_div">


<div id="lazy-load-content_feature_div">

    




<script>
  (window.AmazonUIPageJS ? AmazonUIPageJS : P).load.js('http://z-ecx.images-amazon.com/images/G/01/AUIClients/DetailPageLazyLoadLibAssets-5e248ff38f5cfe623b72e1b4d40468dcd5bd6540._V2_.js#AUIClients/DetailPageLazyLoadLibAssets.min');
</script>


<script type="text/JavaScript">

     P.when("jQuery", "lazyLoadLib","ready").execute(function ($) {
            $('#dp_bottom_lazy_lazy_load_div').lazyLoadContent({
             threshold : 1200,
             url: "/gp/rcxll/dpview/B013USRV1E/277-7281789-8489225?ie=UTF8&childASIN=B00BSNACII&m=A3JWKAKR8XB7XF&requestID=0K8TTEBZSQ1S50KDN22N&useChild=1&useTwister=1&vi=zbottest",
             metrics : true,
             name : 'dp_bottom_lazy',
             cache : true
             }); 
     });
</script>
</div>
</div>










<div id="browse_feature_div">

 

    



<hr noshade="noshade" size="1" class="bucketDivider" />
<div class="bucket">
  <h2>Ähnliche Artikel finden</h2>
  




    <div class="disclaim">Größe: <strong>4 x 600g</strong></div>




    
  <div class="content">
  <ul>
   <li><a href="/Lebensmittel-Getr%C3%A4nke/b/ref=dp_brlad_entry/277-7281789-8489225?ie=UTF8&amp;node=340846031">Lebensmittel & Getränke</a> > <a href="/Babynahrung-Kindermilch-Beikost/b/ref=dp_brlad_entry/277-7281789-8489225?ie=UTF8&amp;node=358555031">Babynahrung</a> > <a href="/Milchnahrung-Babys/b/ref=dp_brlad_entry/277-7281789-8489225?ie=UTF8&amp;node=364603031">Milchnahrung</a> > <a href="/Kindermilch/b/ref=dp_brlad_entry/277-7281789-8489225?ie=UTF8&amp;node=1386609031">Kindermilch</a></li>
  </ul>
  </div>
</div>








</div>
<!--wlscci--><div align="left"><a name="legal-disclaimer"></a><b>Haftungsausschluss:</b> Obwohl wir uns stets um die Richtigkeit der Produktangaben auf unserer Internetseite bem&uuml;hen, kann es mitunter vorkommen, dass Hersteller ihr Zutatenverzeichnis &auml;ndern. Die Produktverpackung und zugeh&ouml;rigen Dokumente enthalten m&ouml;glicherweise Angaben, die &uuml;ber die auf unserer Internetseite gemachten Angaben hinausgehen und/oder sich von ihnen unterscheiden. S&auml;mtliche Produktangaben auf unserer Internetseite werden allein zu Informationszwecken bereitgestellt. Wir empfehlen Ihnen, sich nicht allein auf die Angaben zu verlassen, die auf unserer Internetseite angezeigt werden, sondern sich vor Gebrauch bzw. Verzehr der Ware stets auch sorgf&auml;ltig die Etiketten, Warnhinweise und Anleitungen durchzulesen, die mit der Ware geliefert werden. Sollten Sie Sicherheitsbedenken gleich welcher Art haben oder weitere Angaben zur Ware w&uuml;nschen, lesen Sie bitte sorgf&auml;ltig die Angaben auf den Etiketten und der Verpackung und wenden sich an den Hersteller. Die Angaben auf dieser Internetseite k&ouml;nnen eine fachkundige Auskunft Ihres Arztes, Apothekers oder einer anderen medizinischen Fachkraft nicht ersetzen. Bei Fragen zur Vertr&auml;glichkeit, zu Risiken oder Nebenwirkungen der Einnahme oder Anwendung des Produktes wenden Sie sich bitte an Ihren Arzt oder Apotheker. Unsere Beschreibungen und sonstigen Angaben zu den Waren dienen nicht dem Zweck der Diagnose, Behandlung, Heilung oder Vorbeugung einer Krankheit oder eines Gesundheitszustandes. Amazon.de haftet nicht f&uuml;r ungenaue oder unrichtige Produktangaben seitens der Hersteller oder sonstiger Dritter. Ihre gesetzlichen Anspr&uuml;che bleiben unber&uuml;hrt.
<br clear="all"/><br clear="all"/>
Amazon EU S.a.r.l. ist bio-zertifiziert nach EG-&Ouml;ko-Basisverordnung von der Kontrollstelle LU-BIO-04
</div>
            
            
    







 



<div id="merchant-help-links"><table border="0" width="100%" cellpadding="1" cellspacing="0" bgcolor="#999999">
<tr><td>
  
<table cellspacing="0" cellpadding="5" width="100%" bgcolor="#FFFFFF">
<tr>
<td valign="top" align="middle" width="33%" class="small">
  <a href="/gp/help/seller/privacy-policy.html/ref=ms_mhelp_prvst/277-7281789-8489225?ie=UTF8&amp;seller=A3JWKAKR8XB7XF">Datenschutzerklärung von Amazon.de</a>
</td>
<td valign="top" align="middle" width="34%" class="small">
  <a href="/gp/help/seller/shipping.html/ref=ms_mhelp_ship/277-7281789-8489225?ie=UTF8&amp;seller=A3JWKAKR8XB7XF">Versandbedingungen von Amazon.de</a>
</td>
<td valign="top" align="middle" width="33%" class="small">
  <a href="/gp/help/seller/returns.html/ref=ms_mhelp_return/277-7281789-8489225?ie=UTF8&amp;seller=A3JWKAKR8XB7XF">Umtausch- & Rücknahme bei Amazon.de</a>
</td>
</tr>
</table>

</td>
</tr>
</table>
<br /></div>











<table width="100%" align="center">





</table>

























    
















<style type="text/css">
.rhf-frame {
    display: none;
    min-width: 940px;
    position: relative;
}

.rhf-border {
    border: 1px solid #DDD;
    border-radius: 5px;
    padding: 0px 20px;
}

.rhf-header {
    color: #444;
    font-family: Arial;
    font-size: 20px;
    font-weight: normal;
    padding:10px 10px 3px 10px;
    text-align:left;
    white-space: nowrap;
}

#ybh-text-on {
    display: none;
}


.rhf-fresh-header {
    color: #444;
    font-family: Arial;
    font-size: 20px;
    font-weight: normal;
    white-space: nowrap;
}

.rvi-fresh-footer {
    background-color: rgba(0,0,0,.03);
    padding-left: 35px !important;
    padding-right: 35px !important;
    position: relative;
}

.rvi-fresh-container {
    height: 100px;
    overflow: hidden;
}

.rvi-fresh-container .rhf-RVIs {
    display: inline-block;
    position: relative;
}

.rvi-fresh-container .rhf-RVIs a img {
    box-sizing: border-box;
    vertical-align: middle;
}

.rvi-fresh-container .rhf-faceout-hue {
    background-color: rgba(0,0,0,.03);
    position: absolute;
    left: 0px;
    top: 0px;
    right: 0px;
    bottom: 0px;
    z-index: 100;
}

.ybh-fresh-link a {
    text-decoration: none !important;
}

.ybh-fresh-link {
    color: black !important;
    text-decoration: none !important;
}

.ybh-fresh-link-arrow {
    font-size: 16px;
    vertical-align: bottom;
}


.rhf-loading-outer {
    height: 248px;
    overflow: hidden;
    position: relative;
    margin-top: 10px;
    width: 100% !important;
}
.rhf-loading-outer[class] {
    display: table;
    position: static;
}
.rhf-loading-middle {
    height: 100%;
    width: 100% !important;
}
.rhf-loading-inner {
    text-align: center;
    vertical-align: middle;
}

#rhf-shoveler {
    color: black;
    padding: 10px;
}

.rhf-source-title {
    color: black;
    font-size: 15px;
    font-weight: normal;
}

.rhf-footer {
    padding-bottom: 14px;
}

.rvi-container {
    height: 75px;
    line-height: 75px;
    overflow: hidden;
    padding: 0 10px;
    position: relative;
}

.rvi-container .you-viewed {
    display: inline-block;
    line-height: 13px;
    margin-right: 3px;
    text-align: right;
    width: 45px;        /* this value is overridden in some locales */
    vertical-align: middle;
}

.rvi-container .you-viewed-divider {
    border-left: 1px solid #ddd;
    display: inline-block;
    height: 50px;
    margin-left: 10px;
    vertical-align: middle;
}

#rhf .rhf-border a {
    text-decoration: none;
    color: #004B91;
}

#rhf .rhf-border a:hover {
    color: #E47911;
}

.rvi-container .you-viewed,
.rvi-container #ybh-text-on,
.rvi-container #ybh-text-off,
.rvi-container #ybh-link,
.rhf-sign-in-button {
    color: black;
    font-family: Arial;
    font-size: 13px;
}

.rvi-container #ybh-text-on,
.rvi-container #ybh-text-off {
    padding-left: 40px;
    padding-right: 10px;
}

.rvi-container #ybh-text-on {
    display: none;
}

.rhf-sign-in-tooltip-new-customer {
    font-family: Arial;
    font-size: 11px;
}

.rhf-footer .ybh-edit {
    float: right;
    margin-top: 18px;
    padding-left: 40px;
    padding-right: 10px;
}

.ybh-edit .ybh-edit-arrow,
.ybh-edit .ybh-edit-link {
    display: inline-block;
    font-family: Arial;
    font-weight: bold;
    line-height: 11px;
    vertical-align: top;
}

.ybh-edit .ybh-edit-arrow {
    color: rgb(204, 153, 0);
    font-size: 11px;
    margin-top: -2px;
    padding-right: 8px;
}

.ybh-edit .ybh-edit-link {
    font-size: 10px;
    width: 80px;
}

#rhf a:hover .title,
#rhf a:active .title {
    text-decoration: underline;
}

.rhf-state-signin {
    margin-top: 19px;
    margin-bottom: 17px;
}

.rhf-sign-in-button-box {
    float: right;
    border-left: 1px solid #ddd;
    margin-right: -30px;
    text-align: center;
    white-space: nowrap;
}

.rhf-sign-in-button {
    border: 0;
    line-height: 15px;
    margin: 0;
    padding-left: 20px;
    padding-right: 20px;
}

.rhf-sign-in-button .action-button,
.rhf-sign-in-button a.action-button:hover,
.rhf-sign-in-button a.action-button:link,
.rhf-sign-in-button a.action-button:active {
    max-width: 230px;
    text-decoration: none;
    margin-bottom: 5px;
    margin-top: 5px;
    width: 230px;
    display:block;
    background-position: -10px -170px;
    background-image: url("http://g-ecx.images-amazon.com/images/G/03/gno/beacon/BeaconSprite-DE-01._CB147913157_.png");
}


.rhf-sign-in-button .action-inner,
a.action-button:link .action-inner,
a.action-button:active .action-inner,
a.action-button:hover .action-inner,
a.action-button:visited .action-inner {
    cursor: pointer;
    background-position: right -170px;
    display: block;
    height: 28px;
    position: relative;
    color: black;
    font-size: 12px;
    line-height: 28px;
    text-align: center;
    font-family: "arial","sans-serif";
    font-weight: bold;
    text-decoration: none;
    text-shadow: 0px 1px 0px #ffe093;
}

.rvi-container .no-rvi-message {
    color: black;
    float: left;
    font-size: 13px;
    font-style: italic;
}

.rhf-divider {
    border-top: 1px solid #DDD;
    height: 23px;
    margin-bottom: -6px;
    background: -moz-linear-gradient(top,#ddd,#f7f7f7 3px,white);
    background: -webkit-gradient(linear,left top,left bottom,color-stop(0%,#ddd),color-stop(3px,#f7f7f7),color-stop(100%,white));
    background: -webkit-linear-gradient(top,#ddd,#f7f7f7 3px,white);
    background: -o-linear-gradient(top,#ddd,#f7f7f7 3px,white);
    background: -ms-linear-gradient(top,#ddd,#f7f7f7 3px,white);
    background: linear-gradient(top,#ddd,#f7f7f7 3px,white);
    filter: none;
    z-index: 0;
    zoom: 1;
}

.rhf-divider:after {
    display: block;
    width: 100%;
    height: 44px;
    background-color: transparent;
    background: -moz-linear-gradient(left,white,rgba(255,255,255,0),white);
    background: -webkit-gradient(linear,left top,right top,color-stop(0%,white),color-stop(50%,rgba(255,255,255,0)),color-stop(100%,white));
    background: -webkit-linear-gradient(left,white,rgba(255,255,255,0),white);
    background: -o-linear-gradient(left,white,rgba(255,255,255,0),white);
    background: -ms-linear-gradient(left,white,rgba(255,255,255,0),white);
    background: linear-gradient(left,white,rgba(255,255,255,0),white);
    filter: none;
    z-index: 1;
    content: "";
}

.rvi-container #ybh-link a {
    cursor: pointer;
    font-size: 13px;
}

.rvi-container .rhf-RVIs {
    display: inline-block;
    padding: 0px 10px 0px 10px;
    vertical-align: middle;
}

.rvi-container .rhf-RVIs a img {
    border: 1px solid #DDD;
    box-sizing: border-box;
    -moz-box-sizing: border-box; /* FireFox */
    -webkit-box-sizing: border-box; /* Safari */
    vertical-align: middle;
}

.rvi-container .rhf-RVIs a:hover img {
    border: 2px solid #E47911;
}

#rhf-container #rhf-recs-down-text {
    padding-top: 13px;
    font-size: 16px;
    line-height: 26px;
}

#rhf-container #rhfNoRecsMessage {
    color: #666666;
    font-size: 13px;
    font-family: Arial;
}

* html .rhf {
    height:1%;
}

 /* spacing for 'You Viewed' string next to RVI */
.rvi-container .you-viewed {
   width: 70px !important;
}







</style><br />
<div id="rhf" class="copilot-secure-display" style="clear:both" role="complementary" aria-label="Ihre zuletzt angesehenen Artikel und besonderen Empfehlungen">

    <div class="rhf-frame">
        <div id="rhf-container">





<div class='rhf-loading-outer'>
    <table class='rhf-loading-middle'>
    <tr>
        <td class='rhf-loading-inner'>
            <img src="http://g-ecx.images-amazon.com/images/G/03/personalization/ybh/loading-4x-gray._CB317976236_.gif" />
        </td>
    </tr>
    </table>
</div>






<script type="text/JavaScript">
(function () {
    "use strict";

    var P = (window.AmazonUIPageJS ? AmazonUIPageJS : window.P);

    var enableYBHLink = function() {
        P.when('p13n-sc-jQuery').execute(function($) {
            $("#ybh-link").click(function() {
                $.ajax({
                      url: '/gp/recent-history-footer/external/ybh-handler.html/277-7281789-8489225',
                      type: "POST",
                      timeout: 2000,
                      data: {
                           parentSession    : '277-7281789-8489225',
                           relatedRequestId : '0K8TTEBZSQ1S50KDN22N',
                           currentPageType  : 'Detail'
                      },
                      dataType: "text",
                      success: function (data, status) {
                           $("#ybh-link").hide();
                           $("#ybh-text-off").hide();
                           $("#ybh-text-on").show();
                      }
                });
            });
        });
    };

    var lazyLoadRHF = function($) {

        // add triggering callBack function if page is part of the experiment (RHF on YA)
        if ('' != ""){
           $.ajax({
               url: '/gp/recent-history-footer/external/rhf-ya-trigger.html/277-7281789-8489225',
               type: "POST",
               data: {
                   relatedRequestId : '0K8TTEBZSQ1S50KDN22N'
               },
               dataType: "json"
          });
        }

        // do not load rhf if in control
        if ('1' == 0){
            return 1;
        }

        var loadCarousel = function(html) {
            P.when('p13n-sc-carousel-init', 'rhf-container')
             .execute(function(carouselInitializer, rhfContainer) {
                rhfContainer.html(html);
                carouselInitializer.init(rhfContainer);
                enableYBHLink();
            });
        };

        var handleSuccess = function(data) {
            if (typeof(data) === 'object' && data.success && data.html) {
                loadCarousel(data.html);
            } else {
                handleError();
            }
        };

        var handleError = function() {
            P.when('rhf-container', 'rhf-error')
             .execute(function(rhfContainer, rhfError) {
                rhfContainer.hide();
                rhfError.show();
            });
        };

        $.ajax({
            url: '/gp/recent-history-footer/external/rhf-handler.html/277-7281789-8489225',
            type: "POST",
            timeout: 5000,
            data: {
                             isAUI : (typeof window.P === 'object' && window.P.AUI_BUILD_DATE) ? 1 : 0,
                     parentSession : '277-7281789-8489225',
                  relatedRequestId : '0K8TTEBZSQ1S50KDN22N',
                   currentPageType : 'Detail',
                currentSubPageType : 'Glance',
                       excludeASIN : 'QjAwQlNOQUNJSQ==',
                          auiDebug : '',
                          rviAsins : '',
                          rhfState : '',
                          rhfAsins : '',
                       noP13NCache : '',
                         recsAsins : '',
                        customerID : '',
                   testRecsFailure : '',
                    weblabTriggers : '',
           contextMetadataOverride : ''
            },
            dataType: "json",
            success: function (data, status) {
                handleSuccess(data);
            },
            error: function (xhr, status) {
                handleError();
            }
        });

    };

    P.when('p13n-sc-jQuery').execute(function($) {
        P.declare('rhf-container', $("#rhf-container"));
        P.declare('rhf-error', $("#rhf-error"));
        P.declare('rhf-frame', $(".rhf-frame"));
        P.declare('rhf-head', $("#rhf"));
    });

    P.when('p13n-sc-jQuery', 'rhf-container', 'rhf-frame',
            'p13n-sc-call-on-visible', 'p13n-sc-carousel-init','rhf-head')
     .execute(function($, rhfContainer, rhfFrame, callOnVisible, carouselInitializer, rhf) {
	if (1 == 1){
	    rhfFrame.show();
        }
        callOnVisible.register(rhf, function () { lazyLoadRHF($); }, { distance: '-400' });
    });

})();
</script>

</div><noscript>

<div class="rhf-border">

    <div class="rhf-header">Ihre zuletzt angesehenen Artikel und besonderen Empfehlungen</div>

<div class="rhf-footer">
    <div class="rvi-container">

<div class="ybh-edit">
    <div class="ybh-edit-arrow"> &#8250; </div>
    <div class="ybh-edit-link"><a href="https://www.amazon.de/gp/yourstore/pym/ref=pd_pyml_rhf/277-7281789-8489225">Browserverlauf anzeigen oder ändern</a></div>
</div>
        <span class="no-rvi-message">Nachdem Sie Produktseiten oder Suchergebnisse angesehen haben, finden Sie hier eine einfache Möglichkeit, diese Seiten wiederzufinden.</span>
    </div>
</div>
</div>
</noscript><div id="rhf-error" style="display:none;">

<div class="rhf-border">

    <div class="rhf-header">Ihre zuletzt angesehenen Artikel und besonderen Empfehlungen</div>

<div class="rhf-footer">
    <div class="rvi-container">

<div class="ybh-edit">
    <div class="ybh-edit-arrow"> &#8250; </div>
    <div class="ybh-edit-link"><a href="https://www.amazon.de/gp/yourstore/pym/ref=pd_pyml_rhf/277-7281789-8489225">Browserverlauf anzeigen oder ändern</a></div>
</div>
        <span class="no-rvi-message">Nachdem Sie Produktseiten oder Suchergebnisse angesehen haben, finden Sie hier eine einfache Möglichkeit, diese Seiten wiederzufinden.</span>
    </div>
</div>
</div>
</div>
    </div>
</div>
<br />






















<div id='navFooter'><a href="#nav-top" id="navBackToTop"><div class="navFooterBackToTop"><span class="navFooterBackToTopText">Zurück zum Seitenanfang</span></div></a>

<table class="navFooterVerticalColumn" cellspacing="0" align="center" role="presentation"><tr><td class="navFooterLinkCol"><div class="navFooterColHead">Über uns</div><ul><li class='nav_first'><a href='/b/ref=footer_careers/277-7281789-8489225?ie=UTF8&amp;node=202588011' class='nav_a'>Karriere bei Amazon</a></li><li><a href='http://www.amazon-presse.de/' class='nav_a'>Pressemitteilungen</a></li><li><a href='/unser-Planet/b/ref=footer_corpres/277-7281789-8489225?ie=UTF8&amp;node=305522031' class='nav_a'>Amazon und unser Planet</a></li><li><a href='/b/ref=footer_community/277-7281789-8489225?ie=UTF8&amp;node=2616664031' class='nav_a'>Amazon gemeinsam</a></li><li><a href='/gp/feature.html/277-7281789-8489225?ie=UTF8&amp;docId=1000746243' class='nav_a'>Amazon Storys</a></li><li><a href='http://www.amazon-logistikblog.de/' class='nav_a'>Amazon Logistikblog</a></li><li class='nav_last'><a href='/b/ref=nav_legal/277-7281789-8489225?ie=UTF8&amp;node=505050' class='nav_a'>Impressum</a></li></ul></td><td class="navFooterColSpacerInner"></td><td class="navFooterLinkCol"><div class="navFooterColHead">Geld verdienen mit Amazon</div><ul><li class='nav_first'><a href='https://services.amazon.de/programme/online-verkaufen/so-funktionierts-pro?ld=AZDESOAFooter' class='nav_a'>Jetzt verkaufen</a></li><li><a href='https://partnernet.amazon.de' class='nav_a'>Partnerprogramm</a></li><li><a href='https://services.amazon.de/programme/versand-durch-amazon/merkmale-und-vorteile/?ld=AZDEFBAFooter' class='nav_a'>Versand durch Amazon</a></li><li><a href='https://services.amazon.de/programme/gesponserte-produkte/so-funktionierts.html/ref=AMZfooter_DE_SP?ld=AZDESPFooter' class='nav_a'>Bewerben Sie Ihre Produkte</a></li><li><a href='https://kdp.amazon.com/help?topicId=A32I2OF1510VZV&amp;language=de_DE' class='nav_a'>Ihr Buch mit uns veröffentlichen</a></li><li><a href='https://payments.amazon.de?ld=AWREDEAPAFooter' class='nav_a'>Login und Bezahlen mit Amazon</a></li><li><a href='http://www.amazon.de/b/?node=8670625031&amp;ref=ve_track_rw_footer' class='nav_a'>Werden Sie ein Amazon-Lieferant</a></li><li class='nav_last nav_a_carat'><span class="nav_a_carat">&rsaquo;</span><a href='/gp/seller-account/mm-landing.html/ref=footer_seeall/277-7281789-8489225?ie=UTF8&amp;topic=200330420' class='nav_a'>Alle anzeigen</a></li></ul></td><td class="navFooterColSpacerInner"></td><td class="navFooterLinkCol"><div class="navFooterColHead">Amazon Zahlungsarten</div><ul><li class='nav_first'><a href='/gp/cobrandcard/marketing.html/ref=footer_cbcc/277-7281789-8489225?ie=UTF8&amp;ad=DECBFOOT&amp;flavor=DECB3ST&amp;inc=10stmt&amp;place=enum&amp;plattr=DECBFOOT&amp;pr=con' class='nav_a'>Amazon.de VISA Karte</a></li><li><a href='/gp/help/customer/display.html/ref=footer_kreditkarten/277-7281789-8489225?ie=UTF8&amp;nodeId=504930' class='nav_a'>Kreditkarten</a></li><li><a href='/Geschenkgutscheine/b/ref=footer_giftcards/277-7281789-8489225?ie=UTF8&amp;node=1571256031' class='nav_a'>Gutscheine</a></li><li><a href='/gp/help/customer/display.html/ref=footer_rechnung/277-7281789-8489225?ie=UTF8&amp;nodeId=915628' class='nav_a'>Rechnung</a></li><li><a href='/gp/help/customer/display.html/ref=footer_bankeinzug/277-7281789-8489225?ie=UTF8&amp;nodeId=504928' class='nav_a'>Bankeinzug</a></li><li><a href='/gp/help/customer/display.html/ref=footer_tfx/277-7281789-8489225?ie=UTF8&amp;nodeId=200219670' class='nav_a'>Amazon Currency Converter</a></li><li class='nav_last'><a href='/gp/gc/create/ref=footer_topup_de/277-7281789-8489225' class='nav_a'>Mein Amazon-Konto aufladen</a></li></ul></td><td class="navFooterColSpacerInner"></td><td class="navFooterLinkCol"><div class="navFooterColHead">Wir helfen Ihnen</div><ul><li class='nav_first'><a href='/gp/css/order-history/ref=footer_hp_ss_comp_tmp/277-7281789-8489225' class='nav_a'>Lieferung verfolgen oder Bestellung anzeigen</a></li><li><a href='/gp/help/customer/display.html/ref=footer_shiprates/277-7281789-8489225?ie=UTF8&amp;nodeId=504938' class='nav_a'>Versand & Verfügbarkeit</a></li><li><a href='/gp/subs/primeclub/signup/main.html/ref=footer_prime/277-7281789-8489225' class='nav_a'>Amazon Prime</a></li><li><a href='/gp/css/returns/homepage.html/ref=hy_f_4/277-7281789-8489225' class='nav_a'>Rückgabe & Ersatz</a></li><li><a href='/gp/digital/fiona/manage/ref=footer_myk/277-7281789-8489225' class='nav_a'>Meine Inhalte und Geräte</a></li><li><a href='/b/ref=footer_mobapp/277-7281789-8489225?ie=UTF8&amp;node=4951330031' class='nav_a'>Amazon App</a></li><li><a href='/gp/BIT/ref=bit_v2_e0002?bitCampaignCode=e0002' class='nav_a'>Amazon Assistant</a></li><li class='nav_last'><a href='/gp/help/customer/display.html/ref=gw_m_b_he/277-7281789-8489225?ie=UTF8&amp;nodeId=504874' class='nav_a'>Hilfe</a></li></ul></td></tr></table>

<div class="navFooterLine navFooterLogoLine"><a href="/ref=footer_logo/277-7281789-8489225"><img src="http://g-ecx.images-amazon.com/images/G/03/gno/images/general/navAmazonLogoFooter._CB169459258_.gif" alt="amazon.de" width="113" height="28" /></a></div>

<div class="navFooterLine navFooterLinkLine navFooterPadItemLine "><ul><li class='nav_first'><a href='http://www.amazon.com.au' class='nav_a'>Australien</a></li><li><a href='http://www.amazon.com.br' class='nav_a'>Brasilien</a></li><li><a href='http://www.amazon.cn/' class='nav_a'>China</a></li><li><a href='http://www.amazon.fr/' class='nav_a'>Frankreich</a></li><li><a href='http://www.amazon.co.uk/' class='nav_a'>Großbritannien</a></li><li><a href='http://www.amazon.in/' class='nav_a'>Indien</a></li><li><a href='http://www.amazon.it/' class='nav_a'>Italien</a></li><li><a href='http://www.amazon.co.jp/' class='nav_a'>Japan</a></li><li><a href='http://www.amazon.ca/' class='nav_a'>Kanada</a></li><li><a href='http://www.amazon.com.mx/' class='nav_a'>Mexiko</a></li><li><a href='http://www.amazon.nl/' class='nav_a'>Niederlande</a></li><li><a href='http://www.amazon.at/' class='nav_a'>Österreich</a></li><li><a href='http://www.amazon.es/' class='nav_a'>Spanien</a></li><li class='nav_last'><a href='http://www.amazon.com/' class='nav_a'>USA</a></li></ul></div>

<div class="navFooterLine navFooterLinkLine navFooterDescLine"><table class="navFooterMoreOnAmazon" cellspacing="0"><tr>
<td class="navFooterDescSpacer" style="width: 42.0%"></td>
<td class="navFooterDescItem"><a href='http://www.abebooks.de' class='nav_a'>AbeBooks<br/> <span class="navFooterDescText">Antiquarische<br/> & gebrauchte Bücher</span></a></td>
<td class="navFooterDescSpacer" style="width: 4%"></td>
<td class="navFooterDescItem"><a href='http://de.buyvip.com' class='nav_a'>Amazon BuyVIP<br/> <span class="navFooterDescText">Shopping Club<br/> für Mode</span></a></td>
<td class="navFooterDescSpacer" style="width: 4%"></td>
<td class="navFooterDescItem"><a href='http://aws.amazon.com/de/?sc_channel=el&amp;sc_campaign=deamazonfooter&amp;sc_publisher=de_amazon&amp;sc_medium=footer&amp;sc_content=&amp;sc_category=AWS_cloud_computing&amp;TRK=EL_de_amazon_footer' class='nav_a'>Amazon Web Services<br/> <span class="navFooterDescText">Cloud Computing Dienste<br/> von Amazon</span></a></td>
<td class="navFooterDescSpacer" style="width: 4%"></td>
<td class="navFooterDescItem"><a href='http://www.audible.de' class='nav_a'>Audible<br/> <span class="navFooterDescText">Hörbücher<br/> herunterladen</span></a></td>
<td class="navFooterDescSpacer" style="width: 4%"></td>
<td class="navFooterDescItem"><a href='http://www.bookdepository.com/' class='nav_a'>Book Depository<br/> <span class="navFooterDescText">Bücher mit kostenfreier<br/> Lieferung weltweit</span></a></td>
<td class="navFooterDescSpacer" style="width: 42.0%"></td>
</tr>
<tr><td>&nbsp;</td></tr>
<tr>
<td class="navFooterDescSpacer" style="width: 42.0%"></td>
<td class="navFooterDescItem"><a href='https://www.createspace.com/pub/l/diy_de.do' class='nav_a'>CreateSpace<br/> <span class="navFooterDescText">Ihr Buch als gedruckte<br/> Version veröffentlichen</span></a></td>
<td class="navFooterDescSpacer" style="width: 4%"></td>
<td class="navFooterDescItem"><a href='http://www.imdb.de/' class='nav_a'>IMDb<br/> <span class="navFooterDescText">Filme, TV<br/> & Stars</span></a></td>
<td class="navFooterDescSpacer" style="width: 4%"></td>
<td class="navFooterDescItem"><a href='http://kdp.amazon.de' class='nav_a'>Kindle Direct Publishing<br/> <span class="navFooterDescText">Ihr E-Book<br/> veröffentlichen</span></a></td>
<td class="navFooterDescSpacer" style="width: 4%"></td>
<td class="navFooterDescItem"><a href='http://www.myhabit.com/' class='nav_a'>MYHABIT<br/> <span class="navFooterDescText">Private Modeschöpfer<br/> Verkäufe</span></a></td>
<td class="navFooterDescSpacer" style="width: 4%"></td>
<td class="navFooterDescItem"><a href='http://www.shopbop.com/de/welcome' class='nav_a'>Shopbop<br/> <span class="navFooterDescText">Designer<br/> Modemarken</span></a></td>
<td class="navFooterDescSpacer" style="width: 42.0%"></td>
</tr>
<tr><td>&nbsp;</td></tr>
<tr>
<td class="navFooterDescSpacer" style="width: 42.0%"></td>
<td class="navFooterDescItem">&nbsp;</td>
<td class="navFooterDescSpacer" style="width: 4%"></td>
<td class="navFooterDescItem"><a href='/b/ref=footer_wrhsdls/277-7281789-8489225?ie=UTF8&amp;node=3581963031' class='nav_a'>Warehouse Deals<br/> <span class="navFooterDescText">Reduzierte B-Ware</span></a></td>
<td class="navFooterDescSpacer" style="width: 4%"></td>
<td class="navFooterDescItem"><a href='http://www.zvab.com/index.do?ref=amazon&amp;utm_medium=referral&amp;utm_source=amazon.de' class='nav_a'>ZVAB<br/> <span class="navFooterDescText">Zentrales Verzeichnis<br/> Antiquarischer Bücher</span></a></td>
<td class="navFooterDescSpacer" style="width: 4%"></td>
<td class="navFooterDescItem"><a href='/lovefilm/ref=nav_footer_lovefilm/277-7281789-8489225' class='nav_a'>LOVEFiLM<br/> <span class="navFooterDescText">DVD & Blu-ray<br/> Verleih per Post</span></a></td>
<td class="navFooterDescSpacer" style="width: 4%"></td>
<td class="navFooterDescItem">&nbsp;</td>
<td class="navFooterDescSpacer" style="width: 42.0%"></td>
</tr>
</table></div>

<div class="navFooterLine navFooterLinkLine navFooterPadItemLine"><ul><li class='nav_first'><a href='/gp/help/customer/display.html/ref=footer_cou/277-7281789-8489225?ie=UTF8&amp;nodeId=505048' class='nav_a'>Unsere AGB</a></li><li><a href='/gp/help/customer/display.html/ref=footer_privacy/277-7281789-8489225?ie=UTF8&amp;nodeId=3312401' class='nav_a'>Datenschutzerklärung</a></li><li><a href='/gp/help/customer/display.html/ref=footer_impressum/277-7281789-8489225?ie=UTF8&amp;nodeId=505050' class='nav_a'>Impressum</a></li><li class='nav_last'><a href='/gp/help/customer/display.html/ref=footer_intbasedads/277-7281789-8489225?ie=UTF8&amp;nodeId=201151440' class='nav_a'>Cookies & Internet-Werbung</a></li></ul><span>© 1998-2016, Amazon.com, Inc. oder Tochtergesellschaften</span><ul></ul></div>
</div>
<!-- whfh-tG5tEaS//BjHOIare7f0+vmqRugPtKz7oAE/qkOLfLTac5EbvQZ+ieU67i2JSDTB rid-0K8TTEBZSQ1S50KDN22N -->
<div id="sis_pixel_r2" aria-hidden="true" style="height:1px; position: absolute; left: -1000000px; top: -1000000px;"></div><script>(function(a,b){a.attachEvent?a.attachEvent("onload",b):a.addEventListener&&a.addEventListener("load",b,!1)})(window,function(){setTimeout(function(){var el=document.getElementById("sis_pixel_r2");el&&(el.innerHTML='<iframe id="DAsis" src="//aax-eu.amazon-adsystem.com/s/iu3?d=amazon.de&slot=navFooter&a2=0101be2c048e1f86680a5e5fc9d2778166afe8091819121ad59bcbccff91455b327a&old_oo=0&cb=1464075794712" width="1" height="1" frameborder="0" marginwidth="0" marginheight="0" scrolling="no"></iframe>')},300)});</script>



  







<script type='text/javascript'><!--
/* customer-reviews */



  
P.when("A").execute(function(A) {
   
   function vote(event) {
     var root = A.$(event.data.rootComponentId);
     var target = event.$target;
     root.find(".cr-vote-buttons").addClass("a-hidden");
     root.find(".cr-vote-feedback").removeClass("a-hidden");
       
     A.get(target.attr("href") + "&type=json&_=" + (new Date()).getTime(),
     {
	   dataType: 'json',
	   ajaxTimeout: 10000,
	   success: function(data, textStatus){ 
         success(data, root, target);
       },
	   error: function(XMLHttpRequest, textStatus, errorThrown){
         error(root, target);
       }
	 });
     event.$event.preventDefault();

   }

   function isNoButton(target) {       
     return target.closest(".noButton").length > 0;
   }

   function success(data, root, target) {
       if (data.redirect == 1) {
	   window.location.href = target.attr("href");
       } else if (data.error == 1) {
	   error(root, target);
       } else {
	   root.find(".cr-vote-success").removeClass("a-hidden");	   
	   root.find(".cr-vote-feedback").addClass("a-hidden");
       }
   }

   function error(root, target) {
       root.find(".cr-vote-error").removeClass("a-hidden");	   
       root.find(".cr-vote-feedback").addClass("a-hidden");
   }

   A.declarative("cr-vote", ["click"], vote);
});


//--></script>
 
 




<div id="amznCompressDiv">
</div>
<script type="text/javascript">
  if (window.amznJQ) {
    amznJQ.onReady('jQuery', function () {
        document.cookie="GZ=0;path=/";

        setTimeout(function() {
            jQuery('#amznCompressDiv').append('<iframe id="amznCompressIframe" width="0" height="0" frameborder="0" style="display:none"> </iframe>');
            jQuery('#amznCompressIframe').attr('src', '/gp/compression/base/detail/277-7281789-8489225');
        }, 3000);

      });
  }
</script>




<script>
  __auiPreloadIndex = window.__auiPreloadIndex || 0;
  (window.AmazonUIPageJS ? AmazonUIPageJS : P).when('A').execute("auiPreloadJS_"+(++__auiPreloadIndex), function(A){
    A.preload('http://z-ecx.images-amazon.com/images/G/01/AUIClients/AmazonUI-46b350ce7918729a03740727676b761a9c8addac._V2_.js#AUIClients/AmazonUI.rendering_engine-not-trident.udp_amznjq_shim.min');
    A.preload('https://images-na.ssl-images-amazon.com/images/G/01/AUIClients/AmazonUI-46b350ce7918729a03740727676b761a9c8addac._V2_.js#AUIClients/AmazonUI.rendering_engine-not-trident.secure.udp_amznjq_shim-true.min');
    A.preload('http://z-ecx.images-amazon.com/images/I/11%2Bz2%2BMNlIL._RC|21T+wghIdtL.js,210750+VhVL.js,01lJcYXHevL.js,3124FsDTcjL.js,41HM1xUVkGL.js,51OiqInYFPL.js,31kvGL5KPxL.js,0160Lz3UB5L.js,01dxEvVBUeL.js,01DdN5HYGpL.js,71ubm0m2bPL.js,41tq9fIxLyL.js,01zUvGCQbPL.js,01X5C8pWB1L.js,01LHJt5PiyL.js,01f61VgJGUL.js,31oxXsLwgnL.js,01+OR70zYJL.js_.js#AUIClients/SoftlinesDetailPageMetaAsset');
    A.preload('https://images-eu.ssl-images-amazon.com/images/I/11%2Bz2%2BMNlIL._RC|21T+wghIdtL.js,210750+VhVL.js,01lJcYXHevL.js,3124FsDTcjL.js,41HM1xUVkGL.js,51OiqInYFPL.js,31kvGL5KPxL.js,0160Lz3UB5L.js,01dxEvVBUeL.js,01DdN5HYGpL.js,71ubm0m2bPL.js,41tq9fIxLyL.js,01zUvGCQbPL.js,01X5C8pWB1L.js,01LHJt5PiyL.js,01f61VgJGUL.js,31oxXsLwgnL.js,01+OR70zYJL.js_.js#AUIClients/SoftlinesDetailPageMetaAsset');
    A.preload('http://z-ecx.images-amazon.com/images/I/210750%2BVhVL._RC|01lJcYXHevL.js,3124FsDTcjL.js,41HM1xUVkGL.js,11umwnj4umL.js,21CwYizqTRL.js,3195CneOqIL.js,01DdN5HYGpL.js,71ubm0m2bPL.js,41tq9fIxLyL.js,01zUvGCQbPL.js,01X5C8pWB1L.js,01LHJt5PiyL.js,01f61VgJGUL.js,31oxXsLwgnL.js,01+OR70zYJL.js_.js#AUIClients/MediaDetailPageMetaAsset');
    A.preload('https://images-eu.ssl-images-amazon.com/images/I/210750%2BVhVL._RC|01lJcYXHevL.js,3124FsDTcjL.js,41HM1xUVkGL.js,11umwnj4umL.js,21CwYizqTRL.js,3195CneOqIL.js,01DdN5HYGpL.js,71ubm0m2bPL.js,41tq9fIxLyL.js,01zUvGCQbPL.js,01X5C8pWB1L.js,01LHJt5PiyL.js,01f61VgJGUL.js,31oxXsLwgnL.js,01+OR70zYJL.js_.js#AUIClients/MediaDetailPageMetaAsset');
    A.preload('http://z-ecx.images-amazon.com/images/I/31yw-xUfw0L._RC|21T+wghIdtL.js,210750+VhVL.js,01lJcYXHevL.js,3124FsDTcjL.js,41HM1xUVkGL.js,31kvGL5KPxL.js,41tq9fIxLyL.js,21lI163BfyL.js,01dxEvVBUeL.js,112IXy0KrSL.js,01DdN5HYGpL.js,71ubm0m2bPL.js,51HOwnzg8NL.js,11B-6oFpmdL.js,31wu56JnmKL.js,01STS3QrYuL.js,01tmPUPXtdL.js,61Q5kcjylNL.js,01zUvGCQbPL.js,01X5C8pWB1L.js,01LHJt5PiyL.js,01f61VgJGUL.js,31oxXsLwgnL.js,01YVu6IzvIL.js,01+OR70zYJL.js,0193uyIciNL.js,31VReWMQSPL.js_.js#AUIClients/HardlinesDetailPageMetaAsset');
    A.preload('https://images-eu.ssl-images-amazon.com/images/I/31yw-xUfw0L._RC|21T+wghIdtL.js,210750+VhVL.js,01lJcYXHevL.js,3124FsDTcjL.js,41HM1xUVkGL.js,31kvGL5KPxL.js,41tq9fIxLyL.js,21lI163BfyL.js,01dxEvVBUeL.js,112IXy0KrSL.js,01DdN5HYGpL.js,71ubm0m2bPL.js,51HOwnzg8NL.js,11B-6oFpmdL.js,31wu56JnmKL.js,01STS3QrYuL.js,01tmPUPXtdL.js,61Q5kcjylNL.js,01zUvGCQbPL.js,01X5C8pWB1L.js,01LHJt5PiyL.js,01f61VgJGUL.js,31oxXsLwgnL.js,01YVu6IzvIL.js,01+OR70zYJL.js,0193uyIciNL.js,31VReWMQSPL.js_.js#AUIClients/HardlinesDetailPageMetaAsset');
  });
  (window.AmazonUIPageJS ? AmazonUIPageJS : P).when('A').execute("auiPreloadCSS_"+(++__auiPreloadIndex), function(A){
    A.preload('http://z-ecx.images-amazon.com/images/G/01/AUIClients/AmazonUI-f28e5b0187075e51333d2b1d2c00acf2318fc9f3._V2_.css#AUIClients/AmazonUI.rendering_engine-not-trident.udp_amznjq_shim.min');
    A.preload('https://images-na.ssl-images-amazon.com/images/G/01/AUIClients/AmazonUI-f9ef76521d3dd9c19a37db91cf813e4b5e5f94b7._V2_.css#AUIClients/AmazonUI.rendering_engine-not-trident.secure.udp_amznjq_shim-true.min');
    A.preload('http://z-ecx.images-amazon.com/images/I/61929wtiD0L._RC|314+J0G-4bL.css,11FgAc1zMiL.css,01tbYi0NqvL.css,21e-Ab7SQHL.css,113FuDtwChL.css,413-lmjeakL.css,21xaajvpfWL.css,01hvfEvfPgL.css,01RSPSfDB5L.css,01GT2VH57dL.css,21Rjwbph1AL.css_.css#AUIClients/SoftlinesDetailPageMetaAsset');
    A.preload('https://images-eu.ssl-images-amazon.com/images/I/61929wtiD0L._RC|31aAyaxT5eL.css,11FgAc1zMiL.css,01tbYi0NqvL.css,21J-VJvuQQL.css,113FuDtwChL.css,41D+QGsGE4L.css,21xaajvpfWL.css,01hvfEvfPgL.css,01RSPSfDB5L.css,01GT2VH57dL.css,21Rjwbph1AL.css_.css#AUIClients/SoftlinesDetailPageMetaAsset');
    A.preload('http://z-ecx.images-amazon.com/images/I/61BoAFcScZL._RC|11FgAc1zMiL.css,01tbYi0NqvL.css,21e-Ab7SQHL.css,113FuDtwChL.css,21eSP2hte3L.css,01EOyxZA2lL.css,01hvfEvfPgL.css,01RSPSfDB5L.css,01GT2VH57dL.css,21Rjwbph1AL.css_.css#AUIClients/MediaDetailPageMetaAsset');
    A.preload('https://images-eu.ssl-images-amazon.com/images/I/61tXTi7waDL._RC|11FgAc1zMiL.css,01tbYi0NqvL.css,21J-VJvuQQL.css,113FuDtwChL.css,21eSP2hte3L.css,01EOyxZA2lL.css,01hvfEvfPgL.css,01RSPSfDB5L.css,01GT2VH57dL.css,21Rjwbph1AL.css_.css#AUIClients/MediaDetailPageMetaAsset');
    A.preload('http://z-ecx.images-amazon.com/images/I/61AZKC0LVzL._RC|213-eBzDVcL.css,314+J0G-4bL.css,11FgAc1zMiL.css,01tbYi0NqvL.css,21e-Ab7SQHL.css,113FuDtwChL.css,21xaajvpfWL.css,01RSPSfDB5L.css,11xRy3bSkOL.css,01QUs5FVXoL.css,01hvfEvfPgL.css,51LVhCKskuL.css,01aViOmOIXL.css,112oyEpVpwL.css,41A3MwXNi4L.css,01GT2VH57dL.css,21Rjwbph1AL.css,215zZvgXb+L.css,01rgQ3jqo7L.css,11eUPNzJArL.css_.css#AUIClients/HardlinesDetailPageMetaAsset');
    A.preload('https://images-eu.ssl-images-amazon.com/images/I/61iBqf7lxLL._RC|213-eBzDVcL.css,31aAyaxT5eL.css,11FgAc1zMiL.css,01tbYi0NqvL.css,21J-VJvuQQL.css,113FuDtwChL.css,21xaajvpfWL.css,01RSPSfDB5L.css,11xRy3bSkOL.css,01QUs5FVXoL.css,01hvfEvfPgL.css,51+iZzbs8UL.css,01aViOmOIXL.css,112oyEpVpwL.css,41A3MwXNi4L.css,01GT2VH57dL.css,21Rjwbph1AL.css,21uNvMkfCFL.css,01rgQ3jqo7L.css,11eUPNzJArL.css_.css#AUIClients/HardlinesDetailPageMetaAsset');
  });
</script>















<script type="text/javascript">

function prefetchTYPAssets() {
    var imageAssets = new Array();
    var jsCssAssets = new Array();
      imageAssets.push("https://images-eu.ssl-images-amazon.com/images/G/03/x-locale/common/buy-buttons/review-1-click-order._CB192558581_.gif");
      imageAssets.push("https://images-eu.ssl-images-amazon.com/images/G/03/x-locale/common/buttons/continue-shopping._CB192558364_.gif");
      imageAssets.push("https://images-eu.ssl-images-amazon.com/images/G/03/x-locale/common/buy-buttons/thank-you-elbow._CB192558586_.gif");
      imageAssets.push("https://images-eu.ssl-images-amazon.com/images/G/03/x-locale/communities/social/snwicons_v2._CB402380168_.png");
      imageAssets.push("https://images-eu.ssl-images-amazon.com/images/G/03/checkout/assets/carrot._CB192188498_.gif");
      imageAssets.push("https://images-eu.ssl-images-amazon.com/images/G/03/checkout/thank-you-page/assets/yellow-rounded-corner-sprite._CB192563625_.gif");
      imageAssets.push("https://images-eu.ssl-images-amazon.com/images/G/03/checkout/thank-you-page/assets/white-rounded-corner-sprite._CB212531206_.gif");
      jsCssAssets.push("https://images-na.ssl-images-amazon.com/images/G/01/browser-scripts/site-wide-js-1.2.6-beacon/site-wide-3750999928._V1_.js");
      jsCssAssets.push("https://images-na.ssl-images-amazon.com/images/G/01/browser-scripts/de-site-wide-css-beacon/site-wide-6800426958._V1_.css");

    // pre-fetching image assets
    for (var i=0; i<imageAssets.length; i++) {
       new Image().src = imageAssets[i];
    }
    // pre-fetching css and js assets based on different browser types
    var isIE = /*@cc_on!@*/0;
    var isFireFox = /Firefox/.test(navigator.userAgent);
    if (isIE) {
      for (var i=0; i<jsCssAssets.length; i++) {
        new Image().src = jsCssAssets[i];
      }
    }
    else if (isFireFox) {
      for (var i=0; i<jsCssAssets.length; i++) {
        var o =  document.createElement("object");
        o.data = jsCssAssets[i];
        o.width = o.height = 0;
        document.body.appendChild(o);
      }
    }
}


    if (typeof(amznJQ) !== "undefined") {
        amznJQ.available("jQuery", function() {
            jQuery(window).load(function() {
                setTimeout(prefetchTYPAssets, 2000);
            });
        });
    }
</script>

<input type="hidden" name="1click-tsdelta" id="1click-tsdelta">
<script type="text/javascript">
var ocInitTimestamp = 1464075794;
var jsURL = 'http://z-ecx.images-amazon.com/images/G/03/orderApplication/javascript/pipeline/201201041713-ocd._CB366048165_.js';
if (jsURL) {

  if (typeof(amznJQ) !== "undefined") {
      amznJQ.onCompletion("amznJQ.criticalFeature", function() {
        amznJQ.available("jQuery", function() {
          jQuery.ajax({
            url: jsURL,
            dataType: 'script',
            cache: true
          });
        });
      });
  }
}
</script>







    





<script type="text/javascript">


if (!window.$SearchJS && window.$Nav) {
  window.$SearchJS = $Nav.make('sx');
}
if (window.$SearchJS) {


}



(function() {

  var precacheMaterials = ["https://images-eu.ssl-images-amazon.com/images/G/01/AUIClients/AmazonUI-def1dfe3edcac538e27845c3cfc11fa83c842d7e._V2_.css#AUIClients/AmazonUI.rendering_engine-not-trident.secure.min","http://z-ecx.images-amazon.com/images/G/01/AUIClients/RetailSearchAssets-74dfa8cd7ca5b33f568b1fe8ae08d7887116610d._V2_.js#AUIClients/RetailSearchAssets.renderskin-pc.search-results-aui.min","https://images-eu.ssl-images-amazon.com/images/G/01/AUIClients/AmazonUI-2f3dfd1d13ff48626ca483d8d12b6821e34cf459._V2_.js#AUIClients/AmazonUI.rendering_engine-not-trident.secure.min","http://z-ecx.images-amazon.com/images/G/01/AUIClients/AmazonUI-9695ef3fe158ea0a0a9f65b1ad2116f9169d663c._V2_.css#AUIClients/AmazonUI.rendering_engine-not-trident.min","http://z-ecx.images-amazon.com/images/G/01/AUIClients/RetailSearchAssets-f16f4d8a12436aeb7c33597c510a8307ea6ea2eb._V2_.css#AUIClients/RetailSearchAssets.renderskin-pc.search-results-aui.min","https://images-eu.ssl-images-amazon.com/images/G/01/AUIClients/FastCookies-c19cbfdc031735e009766e61b8f141d827e52f87._V2_.js#AUIClients/FastCookies.de.secure.min","https://images-eu.ssl-images-amazon.com/images/G/01/AUIClients/RetailSearchAssets-74dfa8cd7ca5b33f568b1fe8ae08d7887116610d._V2_.js#AUIClients/RetailSearchAssets.renderskin-pc.search-results-aui.secure.min","https://images-eu.ssl-images-amazon.com/images/G/01/AUIClients/RetailSearchAssets-77918e19731af50d42de286d4ab670bebb497ebb._V2_.css#AUIClients/RetailSearchAssets.renderskin-pc.search-results-aui.secure.min","http://z-ecx.images-amazon.com/images/G/01/AUIClients/AmazonUI-2f3dfd1d13ff48626ca483d8d12b6821e34cf459._V2_.js#AUIClients/AmazonUI.rendering_engine-not-trident.min","http://z-ecx.images-amazon.com/images/G/01/AUIClients/FastCookies-c19cbfdc031735e009766e61b8f141d827e52f87._V2_.js#AUIClients/FastCookies.de.min","http://g-ecx.images-amazon.com/images/G/03/nav2/images/gui/searchSprite._CB272921379_.png"];

  if (window.amznJQ) {
    amznJQ.addPL(precacheMaterials);
  } else if (window.P) {
    P.when('A').execute(function(A){
      A.preload(precacheMaterials);
    });
  }

  
})();



</script>













  



























            
            
      








        </div>
    </div><script type='text/javascript'>
    
    window.ue_csm.cel_widgets = [
         {  id: "detail-bullets"  } , {  id: "featurebullets_feature_div"  } , {  id: "summaryContainer"  } , {  s: "#revMHRL > DIV"  , id_gen: function(elem, index) { return 'custRev' + (index + 1); }  } , {  id: "sims_fbt"  } , {  id: "purchase-sims-feature"  } , {  id: "session-sims-feature"  } , {  id: "quickPromoBucketContent"  } , {  id: "productDescription"  } , {  id: "technicalSpecifications_feature_div"  } , {  id: "prodDetails"  } , {  id: "related_ads"  } , {  id: "technical-data"  } , {  id: "tagging_lazy_load_div"  } , {  id: "consumption-sims"  } , {  id: "moreBuyingChoices_feature_div"  } , {  id: "product-ads-feedback_feature_div"  } , {  id: "DAcrt"  } , {  id: "vtpsims"  } , {  c: "celwidget"  } , {  id: "fallbacksessionShvl"  } , {  id: "rhf"  } , {  id: "unifiedLocationPopoverSelections"  } 
    ];




</script>

<div id='be' style='display:none;visibility:hidden;'><form name='ue_backdetect'><input name='ue_back' value='1' type='hidden'></form><script type="text/javascript">
(function(a){var b=document.ue_backdetect;b&&b.ue_back&&a.ue&&(a.ue.bfini=b.ue_back.value);a.uet&&a.uet("be");a.onLdEnd&&(window.addEventListener?window.addEventListener("load",a.onLdEnd,!1):window.attachEvent&&window.attachEvent("onload",a.onLdEnd));a.ueh&&a.ueh(0,window,"load",a.onLd,1);a.ue&&a.ue.tag&&(a.ue_furl&&a.ue_furl.split?(b=a.ue_furl.split("."))&&b[0]&&a.ue.tag(b[0]):a.ue.tag("nofls"))})(ue_csm);


var ue_pty='Detail', ue_spty='Glance', ue_pti='B00BSNACII';

</script>

<a href='/dp/B00BSNACII/uedata/unsticky/277-7281789-8489225/Detail/ntpoffrw?tepes=1&amp;id=0K8TTEBZSQ1S50KDN22N'>v</a>
<noscript>
     <img src='/dp/B00BSNACII/uedata/unsticky/277-7281789-8489225/Detail/ntpoffrw?noscript&amp;id=0K8TTEBZSQ1S50KDN22N&amp;pty=Detail&amp;spty=Glance&amp;pti=B00BSNACII' />
     <img src='//fls-eu.amazon.de/1/batch/1/OP/A1PA6795UKMFR9:277-7281789-8489225:0K8TTEBZSQ1S50KDN22N$uedata=s:%2Fdp%2FB00BSNACII%2Fuedata%2Funsticky%2F277-7281789-8489225%2FDetail%2Fntpoffrw%3Fnoscript%26id%3D0K8TTEBZSQ1S50KDN22N%26pty%3DDetail%26spty%3DGlance%26pti%3DB00BSNACII:2000' />

</noscript>
</div>
<script type='text/javascript'>
(function(g,h){function d(a,d){var b={};if(!e||!f)try{var c=h.sessionStorage;c?a&&("undefined"!==typeof d?c.setItem(a,d):b.val=c.getItem(a)):f=1}catch(g){e=1}e&&(b.e=1);return b}var b=g.ue||{},a="",f,e,c,a=d("csmtid");f?a="NA":a.e?a="ET":(a=a.val,a||(a=b.oid||"NI",d("csmtid",a)),c=d(b.oid),c.e||(c.val=c.val||0,d(b.oid,c.val+1)),b.ssw=d);b.tabid=a})(ue_csm,window);

</script>
<script type='text/javascript'>
(function(b,c){var a=c.images;a&&a.length&&b.ue.count("totalImages",a.length)})(ue_csm,document);

</script>
<script type='text/javascript'>
(function(l,m){function I(a){if(a)return a.replace(/^\s+|\s+$/g,"")}function x(a,e){if(!a)return{};a.m&&a.m[n]&&(a=a.m);var b=e.m||e[n]||"",b=a.m&&a.m[n]?b+a.m[n]:a.m&&a.m.target&&a.m.target.tagName?b+("Error handler invoked by "+a.m.target.tagName+" tag"):a.m?b+a.m:a[n]?b+a[n]:b+"Unknown error",b={m:b,f:a.f||a.sourceURL||a.fileName||a.filename||a.m&&a.m.target&&a.m.target.src,l:a.l||a.line||a.lineno||a.lineNumber,c:a.c?""+a.c:a.c,s:[],t:l.ue.d(),name:a.name,type:a.type,csm:J+" "+(a.fromOnError?"onerror":
"ueLogError")},c,d,f=0,g=0,k;d=m.location;c=a.stack||(a.err?a.err.stack:"");b[y]=e[y]||d&&d.href||"missing";b[p]=e[p]||z;(d=e[q])&&(b[q]=""+d);l.ue_hi_err&&(b.hi=l.ue.hi);if(c&&c.split)for(b.csm+=" stack",d=c.split("\n");f<d.length&&b.s.length<A;)(c=d[f++])&&b.s.push(I(c));else for(b.csm+=" callee",d=B(a.args||arguments,"callee"),g=f=0;d&&f<A;)k=v,d[s]||(c=d.toString())&&c.substr&&(k=0===g?4*v:k,k=1==g?2*v:k,b.s.push(c.substr(0,k)),g++),d=B(d,"caller"),f++;!b.f&&0<b.s.length&&(f=b,c=(f||{}).s||[],
d=c[1]||"",c=(c[0]||"").match(K)||d.match(L))&&(f.f=c[1],f.l=c[2]);return b}function B(a,e){try{return a[e]}catch(b){}}function C(a,e){if(a&&!(h.ec>h.mxe)){h.ec++;h.ter.push(a);e=e||{};var b=a[p]||e[p];e[p]=b;e[q]=a[q]||e[q];b&&b!=z||h.ecf++;w(a,e)}}function w(a,e){if(a){var b=x(a,e),c=e.channel||M;if(ue.log.isStub&&m[t]&&m[t][u]){var d={};d[c]=b;try{var f=m[t][u]({rid:ue.rid,sid:l.ue_sid,mid:l.ue_mid,sn:l.ue_sn,reqs:[d]}),g=m[N],k;if(k=!(g[D]&&g[D](E,f)))if(m[F]){var h=new m[F];h.onerror=r;h.ontimeout=
r;h.onprogress=r;h.onload=r;h.timeout=0;k=h}else if(m[G]){var n=new m[G];k="withCredentials"in n?n:void 0}else k=void 0;if(c=k){c.open("POST",E,!0);if(c[H])c[H]("Content-type","text/plain");c.send(f)}}catch(p){}}else l.ue.log(b,c,{nb:1});if(!a.fromOnError){f=m.console||{};c=f.error||f.log||r;d=m[t];g="Error logged with the Track&Report JS errors API(http://tiny/1covqr6l8/wamazindeClieUserJava): ";if(d&&d[u])try{g+=d[u](b)}catch(q){g+="no info provided; converting to string failed"}else g+=b.m;c.apply(f,
[g,b])}}}var G="XMLHttpRequest",F="XDomainRequest",N="navigator",D="sendBeacon",u="stringify",t="JSON",p="logLevel",q="attribution",y="pageURL",s="skipTrace",H="setRequestHeader",n="message",r=function(){},E="//"+l.ue_furl+"/1/batch/1/OE/",h=l.ue_err,M=l.ue_err_chan||"jserr",z="FATAL",J="v6",A=20,v=256,L=RegExp(" (?([^ s]*):( d+): d+ )?".split(" ").join(String.fromCharCode(92))),K=/.*@(.*):(\d*)/;x[s]=1;C[s]=1;w[s]=1;(function(){for(var a,e=0;e<(h.erl||[]).length;e++)a=h.erl[e],w(a.ex,a.info);h.erl=
[]})();l.ueLogError=C})(ue_csm,window);

</script>
<script type='text/javascript'>
(function(c,d){var b=c.ue,a=d.navigator;b&&b.tag&&a&&(a=a.connection||a.mozConnection||a.webkitConnection)&&a.type&&b.tag("netInfo:"+a.type)})(ue_csm,window);

</script>
<script type="text/javascript">
(function(c,d){function g(a,b){for(var c=[],d=0;d<a.length;d++){var f=a[d],e=b.encode(f);if(f[h]){var k=b.metaSep,f=f[h],l=b.metaPairSep,g=[],m=void 0;for(m in f)f.hasOwnProperty(m)&&g.push(m+"="+f[m]);f=g.join(l);e+=k+f}c.push(e)}return c.join(b.resourceSep)}function n(a){var b=a[h]=a[h]||{};b[t]||(b[t]=c.ue_mid);b[u]||(b[u]=c.ue_sid);b[k]||(b[k]=c.ue_id);b.csm=1;a="//"+c.ue_furl+"/1/"+a[v]+"/1/OP/"+a[w]+"/"+a[x]+"/"+g([a],y);if(p)try{p.call(d[q],a)}catch(e){c.ue.sbf=1,(new Image).src=a}else(new Image).src=
a}function r(){l&&l.isStub&&l.replay(function(a,b,c){a=a[0];b=a[h]=a[h]||{};b[k]=b[k]||c;n(a)});e.impression=n;l=null}if(!(1<c.ueinit)){var h="metadata",x="impressionType",v="foresterChannel",w="programGroup",t="marketplaceId",u="session",k="requestId",q="navigator",e=c.ue||{},p=d[q]&&d[q].sendBeacon,s=function(a,b,c,d){return{encode:d,resourceSep:a,metaSep:b,metaPairSep:c}},y=s("","?","&",function(a){return g(a.impressionData,z)}),z=s("/",":",",",function(a){return a.featureName+":"+g(a.resources,
A)}),A=s(",","@","|",function(a){return a.id}),l=e.impression;(e.impression||n)({programGroup:"csm",impressionType:"action",impressionData:[{featureName:"csm-features",resources:[{id:"impression-tracking"}]}],foresterChannel:"action-impressions"});p?r():(e.attach("load",r),e.attach("beforeunload",r));d.P&&d.P.register&&d.P.register("impression-client",function(){})}})(ue_csm,window);

</script>
<script type='text/javascript'>
ue_csm.ue.exec(function(d,e,a){function b(a,b){return{name:a,getFeatureValue:function(){return void 0!==b|0}}}function h(a,b,c){return{name:a,getFeatureValue:function(){return b===c|0}}}function g(a,b){return{name:a,getFeatureValue:function(){for(var a=0;a<b.length;a++)if(void 0!==b[a])return 1;return 0}}}var k=d.ue_unbf,f=d.ue||{},c=[b("dall",e.all),b("dcm",e.compatMode),b("xhr",a.XMLHttpRequest),b("qs",e.querySelector),b("ael",e.addEventListener),b("atob",a.atob)];if(k){try{c.push(h("no",a.navigator.onLine,
!1))}catch(l){c.push({name:"no",getFeatureValue:function(){return 2}})}c.push(g("pjs",[a.callPhantom,a._phantom,a.PhantomEmitter,a.__phantomas]),b("njs",a.Buffer),b("cjs",a.emit),b("rhn",a.spawn),b("sel",a.webdriver),g("chrm",[a.domAutomation,a.domAutomationController]),{name:"plg",getFeatureValue:function(){return(void 0!==a.navigator.plugins&&0<a.navigator.plugins.length)|0}})}f._bf=d.ue.exec(function(){for(var a="",b=0;b<c.length;b++)a+=c[b].name+"_"+c[b].getFeatureValue()+"-";(d.ue||{})._bf=null;
return a},"ue.bf");f._bf.modules=c;f._bf.mpm=b},"bf")(ue_csm,document,window);

</script>
<!--[if IE 5]>
<script type='text/javascript'> ue._bf.modules.push( ue._bf.mpm("cc_ie5", 1) ) </script>
<![endif]-->
<!--[if IE 6]>
<script type='text/javascript'> ue._bf.modules.push( ue._bf.mpm("cc_ie6", 1) ) </script>
<![endif]-->
<!--[if IE 7]>
<script type='text/javascript'> ue._bf.modules.push( ue._bf.mpm("cc_ie7", 1) ) </script>
<![endif]-->
<!--[if IE 8]>
<script type='text/javascript'> ue._bf.modules.push( ue._bf.mpm("cc_ie8", 1) ) </script>
<![endif]-->
<!--[if IE 9]>
<script type='text/javascript'> ue._bf.modules.push( ue._bf.mpm("cc_ie9", 1) ) </script>
<![endif]-->
<script type='text/javascript'>
ue_csm.ue.exec(function(e,f){var a=e.ue||{},b=a._wlo,d;if(a.ssw){d=a.ssw("CSM_previousURL").val;var c=f.location,b=b?b:c&&c.href?c.href.split("#")[0]:void 0;c=(b||"")===a.ssw("CSM_previousURL").val;!c&&b&&a.ssw("CSM_previousURL",b);d=c?"reload":d?"intrapage-transition":"first-view"}else d="unknown";a._nt=d},"NavTypeModule")(ue_csm,window);

</script>
<script type='text/javascript'>
var ue_mbl=ue_csm.ue.exec(function(f,a){function k(e){b=e||{};a.AMZNPerformance=b;b.transition=b.transition||{};b.timing=b.timing||{};!a.webclient||"function"!==typeof webclient.getRealClickTime||a.cordova&&a.cordova.platformId&&"ios"==cordova.platformId||(b.tags instanceof Array&&(e=-1!=b.tags.indexOf("usesAppStartTime")||b.transition.type?!b.transition.type&&-1<b.tags.indexOf("usesAppStartTime")?"warm-start":void 0:"view-transition",e&&(b.transition.type=e)),"reload"===d._nt&&f.ue_orct||"intrapage-transition"===
d._nt?a.performance&&performance.timing&&performance.timing.navigationStart?b.timing.transitionStart=a.performance.timing.navigationStart:delete b.timing.transitionStart:"undefined"===typeof d._nt&&a.performance&&performance.timing&&performance.timing.navigationStart&&a.history&&"function"===typeof a.History&&"object"===typeof a.history&&history.length&&1!=history.length&&(b.timing.transitionStart=a.performance.timing.navigationStart));e=b.transition;var c;c=d._nt?d._nt:void 0;e.subType=c;a.ue&&a.ue.tag&&
a.ue.tag("has-AMZNPerformance");d.isl&&a.uex&&uex("at","csm-timing");l()}function m(b){a.ue&&a.ue.count&&a.ue.count("csm-cordova-plugin-failed",1)}function l(){try{P.register("AMZNPerformance",function(){return b})}catch(a){}}function g(){if(!b)return"";ue_mbl.cnt=null;var a=b.transition,c;c=b.timing.transitionStart;c="undefined"!==typeof c&&"undefined"!==typeof h?c-h:void 0;a=["mts",c,"mtt",a.type,"mtst",a.subType,"mtlt",a.launchType];c="";for(var d=0;d<a.length;d+=2){var f=a[d],g=a[d+1];"undefined"!==
typeof g&&(c+="&"+f+"="+g)}return c}function n(a,c){b&&(h=c,b.timing.transitionStart=a,b.transition.type="view-transition",b.transition.subType="ajax-transition",b.transition.launchType="normal",ue_mbl.cnt=g)}var d=f.ue||{},h=f.ue_t0,b;if(a.P&&a.P.when&&a.P.register)return a.P.when("CSMPlugin").execute(function(a){a.buildAMZNPerformance&&a.buildAMZNPerformance({successCallback:k,failCallback:m})}),{cnt:g,ajax:n}},"mobile-timing")(ue_csm,window);

</script>
</body>

  </html>














(～ o ～)~zZ: Sleep................
Server:  {"cmd":"resolve_captcha_return","url":"http://ecx.images-amazon.com/captcha/qamfifum/Captcha_itikubrrbo.jpg","captcha_str":"bphext"}
bphext
0OCp8Br6vtshsue6dc1b3Q==
2UfIwSBY
HJMHGHMB
(～ o ～)~zZ: Sleep................
Server:  {"cmd":"resolve_captcha_return","url":"http://ecx.images-amazon.com/captcha/perumqgc/Captcha_dlsoxeywdn.jpg","captcha_str":"uhklnr"}
uhklnr
s2pdo3Dr8P2ZhVd23DPs1A==
